20636 26700
14008.0 2800.0 2088.0 568.0 ERA

1636.0 4076.0 552.0 148.0 VOL.
2316.0 4084.0 148.0 140.0 3.
2704.0 4088.0 352.0 140.0 XO.
3156.0 4080.0 244.0 148.0 17.
3636.0 4084.0 792.0 148.0 WHOLE
4552.0 4088.0 352.0 144.0 XO.
5032.0 4092.0 252.0 136.0 93.

7152.0 4080.0 964.0 184.0 PHCEXIX,
8240.0 4084.0 1164.0 144.0 MARICOPA
9532.0 4084.0 952.0 176.0 COUNTY,
10596.0 4088.0 208.0 140.0 A.
10920.0 4084.0 176.0 144.0 T.
11268.0 4084.0 904.0 144.0 WEDXES
12208.0 4084.0 488.0 164.0 DAY,
12812.0 4084.0 580.0 140.0 JUXE
13516.0 4088.0 248.0 164.0 11,
13956.0 4072.0 472.0 156.0 1S7D.

16680.0 4076.0 492.0 144.0 XEW
17288.0 4068.0 752.0 156.0 SERIES
18268.0 4080.0 348.0 144.0 XO.
18660.0 4072.0 40.0 28.0 '
18744.0 4080.0 260.0 144.0 24.

2688.0 2752.0 2256.0 624.0 THE

16168.0 2808.0 1264.0 560.0 LB

1516.0 4552.0 692.0 268.0 The
2364.0 4556.0 1356.0 272.0 Herald.

1384.0 4944.0 560.0 80.0 Published
2004.0 4968.0 292.0 76.0 eij
2340.0 4944.0 496.0 96.0 Saturday
2892.0 4944.0 200.0 80.0 and
3164.0 4944.0 672.0 104.0 Wednesday.

1372.0 5136.0 788.0 96.0 GOSPER
2252.0 5132.0 124.0 100.0 &.
2468.0 5140.0 1364.0 112.0 McCLINTOCK,

2244.0 5284.0 752.0 60.0 mopRiETotis.

2936.0 5464.0 524.0 80.0 Kates:

1368.0 5592.0 232.0 72.0 One
1640.0 5608.0 260.0 76.0 copy
1944.0 5612.0 192.0 52.0 one
2180.0 5612.0 260.0 56.0 Tear.
2692.0 5636.0 56.0 16.0 -
2992.0 5636.0 56.0 12.0 -
1364.0 5640.0 1980.0 124.0 -One

1636.0 5708.0 252.0 76.0 cony
1952.0 5692.0 156.0 72.0 nix
2156.0 5692.0 448.0 80.0 month.
2816.0 5732.0 56.0 16.0 -
1372.0 5736.0 1768.0 152.0 -By

1576.0 5792.0 396.0 84.0 carrier,
2020.0 5788.0 104.0 80.0 in
2172.0 5792.0 460.0 80.0 tfha-nix.
2672.0 5808.0 184.0 80.0 pr
2908.0 5792.0 388.0 88.0 month.

1812.0 5924.0 976.0 80.0 Advertising
2876.0 5924.0 456.0 80.0 Rates

1412.0 6052.0 180.0 68.0 )nf
1632.0 6048.0 268.0 80.0 inch,
1940.0 6072.0 192.0 52.0 one
2180.0 6048.0 528.0 80.0 insertion.
1376.0 6092.0 1912.0 124.0 -SCach

1696.0 6148.0 620.0 76.0 aubsefinent
2364.0 6148.0 532.0 72.0 insertion.

1372.0 6240.0 680.0 80.0 Professional
2096.0 6240.0 316.0 80.0 cards,
2460.0 6264.0 176.0 76.0 per
2680.0 6240.0 388.0 84.0 mouth.
3212.0 6284.0 60.0 16.0 -

1484.0 6376.0 432.0 80.0 CnARLK
2068.0 6372.0 152.0 84.0 W.
2300.0 6376.0 372.0 84.0 Chase
2752.0 6376.0 88.0 84.0 is
2924.0 6400.0 184.0 60.0 our
3196.0 6380.0 620.0 80.0 Authorised

1364.0 6480.0 92.0 80.0 A
1476.0 6496.0 236.0 72.0 sent
1756.0 6480.0 100.0 80.0 in
1904.0 6484.0 196.0 76.0 San
2152.0 6480.0 564.0 84.0 Francisco.

3552.0 5596.0 116.0 96.0 $.-
3724.0 5596.0 112.0 72.0 Ou

3616.0 5704.0 56.0 68.0 i
3724.0 5700.0 40.0 64.0 :

3564.0 5800.0 260.0 72.0 iOcts

3544.0 6056.0 124.0 92.0 S-i
3720.0 6056.0 108.0 68.0 m

3604.0 6160.0 28.0 60.0 i

3616.0 6244.0 32.0 76.0 l
3712.0 6248.0 116.0 72.0 so

1980.0 6756.0 1268.0 100.0 PROFESSIONAL.

1940.0 7060.0 168.0 84.0 II.
2156.0 7060.0 112.0 84.0 R
2300.0 7120.0 36.0 24.0 .
2408.0 7060.0 616.0 84.0 PATBU
3056.0 7060.0 176.0 92.0 K,

1800.0 7192.0 504.0 84.0 Civil
2444.0 7192.0 940.0 96.0 Knsrineer

1468.0 7328.0 404.0 92.0 Depnty
1916.0 7324.0 120.0 80.0 U.
2068.0 7324.0 64.0 76.0 S
2164.0 7324.0 416.0 76.0 Mineral
2632.0 7328.0 488.0 92.0 Surveyor
3148.0 7328.0 152.0 72.0 for
3336.0 7324.0 468.0 84.0 Arizona.

1480.0 7460.0 388.0 76.0 Orncs
1992.0 7456.0 268.0 80.0 With
2308.0 7452.0 160.0 84.0 W.
2576.0 7460.0 128.0 76.0 A.
2804.0 7456.0 488.0 80.0 Hancock
3336.0 7456.0 468.0 92.0 Phsenii,

4492.0 4560.0 1396.0 100.0 MISCELLANEOUS.

3984.0 4856.0 184.0 188.0 P
4248.0 4860.0 140.0 184.0 h
4464.0 4908.0 524.0 136.0 oen
5068.0 4860.0 244.0 188.0 ix
5456.0 4860.0 188.0 184.0 H
5720.0 4860.0 672.0 188.0 otel.

4160.0 5248.0 668.0 100.0 Washington
4892.0 5252.0 184.0 76.0 St..
5120.0 5252.0 460.0 76.0 between
5628.0 5252.0 512.0 96.0 Maricopa

4684.0 5348.0 200.0 80.0 aid
4924.0 5348.0 292.0 80.0 Pinia
5256.0 5368.0 88.0 60.0 si
5360.0 5368.0 200.0 60.0 reel
5576.0 5372.0 80.0 56.0 si.

4600.0 5640.0 552.0 120.0 CLEAN
5248.0 5640.0 456.0 124.0 BEDS

3948.0 5980.0 316.0 144.0 And
4360.0 5980.0 376.0 148.0 Well
4828.0 5980.0 892.0 152.0 Ventilated
5820.0 5988.0 564.0 148.0 Rooms

4608.0 6376.0 140.0 104.0 By
4796.0 6376.0 172.0 80.0 the
5008.0 6376.0 188.0 108.0 day
5236.0 6400.0 116.0 60.0 or
5392.0 6380.0 332.0 104.0 night.

3936.0 6676.0 328.0 80.0 Rest
4428.0 6680.0 160.0 76.0 or

4732.0 6680.0 1272.0 80.0 Arrominodations

4792.0 6776.0 104.0 76.0 f
4908.0 6780.0 264.0 72.0 aiui
5192.0 6780.0 304.0 76.0 lies.

6168.0 6688.0 216.0 76.0 Tor

7040.0 4560.0 1444.0 100.0 MISCELLAXEOCS.

9624.0 4556.0 1396.0 104.0 MISCELLANEOUS.

1356.0 7560.0 120.0 80.0 A.
1520.0 7560.0 116.0 76.0 T.

2064.0 7748.0 172.0 80.0 II.
2292.0 7748.0 172.0 80.0 H.
2524.0 7748.0 640.0 88.0 HAYKS.

1372.0 7880.0 680.0 104.0 Attorney
2112.0 7880.0 256.0 84.0 and
2448.0 7880.0 56.0 84.0 i
2556.0 7880.0 648.0 84.0 ounwelor
3264.0 7884.0 136.0 76.0 at
3468.0 7876.0 312.0 84.0 Law

2200.0 8016.0 484.0 80.0 Phoenix.
2732.0 8020.0 116.0 76.0 A.
2888.0 8016.0 116.0 80.0 T.

1464.0 8156.0 156.0 76.0 All
1700.0 8152.0 308.0 80.0 kinds
2100.0 8152.0 116.0 80.0 of
2296.0 8152.0 300.0 100.0 Legal
2696.0 8152.0 492.0 76.0 Business
3284.0 8148.0 508.0 100.0 promptly

1344.0 8252.0 488.0 76.0 attended
1872.0 8264.0 140.0 60.0 to.

1944.0 8468.0 484.0 84.0 bkxj.
2484.0 8464.0 764.0 84.0 3ii;;ax.

1340.0 8608.0 680.0 108.0 Attorney
2096.0 8604.0 264.0 88.0 and
2432.0 8600.0 748.0 92.0 Cosnsflor
3216.0 8604.0 136.0 80.0 at
3440.0 8596.0 348.0 100.0 I.am',

2072.0 8744.0 440.0 84.0 Tucson.
2560.0 8740.0 472.0 80.0 Arizona.

1444.0 8876.0 160.0 76.0 All
1652.0 8876.0 188.0 76.0 law
1880.0 8876.0 476.0 72.0 bnsiness
2396.0 8872.0 208.0 76.0 will
2680.0 8872.0 384.0 76.0 receive
3140.0 8880.0 404.0 88.0 prompt
3584.0 8868.0 200.0 76.0 and

1324.0 8972.0 380.0 76.0 careful
1748.0 8972.0 540.0 76.0 attention.

4028.0 7076.0 88.0 72.0 A
4160.0 7072.0 572.0 80.0 SHOWER
4808.0 7072.0 352.0 80.0 BATH
5236.0 7072.0 560.0 80.0 connected
5872.0 7076.0 244.0 76.0 with
6200.0 7072.0 176.0 80.0 the

3932.0 7172.0 292.0 76.0 Hotel
4272.0 7176.0 148.0 72.0 for
4460.0 7172.0 168.0 76.0 the
4700.0 7176.0 676.0 76.0 convenience
5416.0 7176.0 116.0 72.0 of
5580.0 7188.0 340.0 72.0 gie-os
5964.0 7172.0 192.0 80.0 and
6204.0 7176.0 172.0 76.0 the

3932.0 7272.0 336.0 92.0 public
4312.0 7272.0 540.0 96.0 generally.
5216.0 7272.0 80.0 76.0 I.
5352.0 7272.0 104.0 76.0 J.
5516.0 7272.0 748.0 76.0 GARDINER.

4712.0 7500.0 872.0 124.0 FRESH

3916.0 7844.0 976.0 336.0 Beef
5048.0 7848.0 1304.0 336.0 Cattle

7168.0 4896.0 1148.0 128.0 AGENCY

6544.0 5292.0 720.0 184.0 Bank
7396.0 5292.0 248.0 184.0 of
7776.0 5288.0 1172.0 228.0 Arizona,

7180.0 5712.0 736.0 120.0 PIICENIX,
7968.0 5720.0 144.0 96.0 A.
8160.0 5716.0 136.0 104.0 T.

6508.0 6092.0 900.0 96.0 Telegraphic
7508.0 6112.0 156.0 60.0 or
7752.0 6096.0 408.0 96.0 Night
8228.0 6096.0 716.0 92.0 Exchange

6612.0 6220.0 504.0 76.0 Drawn
7168.0 6240.0 164.0 56.0 on
7384.0 6224.0 232.0 76.0 the
7668.0 6220.0 692.0 92.0 Principal
8408.0 6220.0 432.0 80.0 Cities

6820.0 6348.0 160.0 84.0 of
7020.0 6348.0 236.0 84.0 the
7324.0 6348.0 488.0 84.0 United
7860.0 6352.0 468.0 80.0 States
8368.0 6344.0 264.0 84.0 aud

7424.0 6484.0 564.0 108.0 Europe.

6488.0 7156.0 420.0 76.0 TTILL
6972.0 7152.0 696.0 80.0 PURCHASE
7728.0 7152.0 168.0 76.0 OR
7996.0 7152.0 376.0 76.0 MAKE
8436.0 7152.0 464.0 76.0 ADVAN-

6792.0 7276.0 160.0 52.0 ces
6988.0 7280.0 112.0 48.0 on
7152.0 7260.0 248.0 72.0 C.uld
7476.0 7260.0 184.0 68.0 and
7748.0 7256.0 316.0 72.0 Silver
8144.0 7256.0 408.0 76.0 Knilion.
8624.0 7260.0 264.0 68.0 Terri-

6488.0 7356.0 260.0 68.0 toiial
6792.0 7360.0 188.0 68.0 and
7052.0 7356.0 384.0 92.0 County
7480.0 7356.0 324.0 68.0 Honni
7856.0 7356.0 184.0 68.0 and
8112.0 7356.0 520.0 76.0 Warrants.
8716.0 7356.0 176.0 72.0 Dis-

6484.0 7464.0 276.0 64.0 count
6796.0 7456.0 612.0 76.0 Commercial
7488.0 7456.0 332.0 92.0 Paper,
7864.0 7452.0 376.0 76.0 reeeive
8324.0 7456.0 380.0 92.0 Depi-sit
8796.0 7476.0 96.0 48.0 re-

6484.0 7560.0 404.0 88.0 payable
6920.0 7584.0 108.0 44.0 on
7076.0 7556.0 444.0 72.0 demand,
7568.0 7556.0 524.0 72.0 undertake
8132.0 7556.0 576.0 72.0 Collections
8740.0 7552.0 188.0 76.0 and

6484.0 7668.0 392.0 60.0 transit
6916.0 7676.0 60.0 56.0 a
7020.0 7660.0 380.0 76.0 reneral
7448.0 7656.0 416.0 96.0 banking
7912.0 7656.0 448.0 72.0 business.

6648.0 7764.0 232.0 64.0 'lfice
6928.0 7760.0 284.0 72.0 hours
7248.0 7760.0 232.0 72.0 from
7524.0 7760.0 56.0 68.0 9
7612.0 7780.0 88.0 48.0 a.
7740.0 7776.0 120.0 52.0 tu.
7904.0 7764.0 92.0 64.0 to
8032.0 7756.0 52.0 68.0 4
8136.0 7776.0 84.0 72.0 p.
8268.0 7780.0 120.0 48.0 m.

6584.0 7856.0 204.0 72.0 T.ltf
7540.0 7856.0 136.0 72.0 M.
7724.0 7856.0 148.0 72.0 W.
7916.0 7852.0 472.0 76.0 KALES.
8436.0 7852.0 244.0 76.0 Cash
8736.0 7852.0 176.0 76.0 ier.

9028.0 4496.0 16.0 180.0 I

9232.0 4820.0 844.0 124.0 SKJRROW
10180.0 4828.0 108.0 112.0 &
10376.0 4820.0 1024.0 124.0 MCKENNA'S

9104.0 5152.0 2400.0 360.0 SALOON

12228.0 4564.0 148.0 92.0 E.
12452.0 4560.0 664.0 100.0 IRVINE
13360.0 4556.0 216.0 100.0 CO.

12324.0 4864.0 204.0 188.0 A
12704.0 4856.0 748.0 192.0 NEW

9068.0 5756.0 156.0 80.0 On
9304.0 5752.0 672.0 104.0 Washington
10052.0 5760.0 348.0 72.0 street,
10448.0 5752.0 108.0 76.0 in
10640.0 5748.0 172.0 80.0 the
10884.0 5752.0 176.0 80.0 old
11124.0 5752.0 404.0 100.0 Capital

9792.0 5852.0 504.0 104.0 building,
10344.0 5852.0 188.0 80.0 has
10572.0 5848.0 260.0 84.0 been

9316.0 6168.0 592.0 84.0 Refitted
10056.0 6164.0 200.0 84.0 .ud
10348.0 6164.0 968.0 96.0 Rmrniftlied,

9064.0 6496.0 424.0 104.0 Making
9564.0 6504.0 84.0 84.0 it
9728.0 6504.0 176.0 84.0 the

9060.0 6608.0 492.0 84.0 Phoenix.

10000.0 6512.0 268.0 80.0 moot
10360.0 6500.0 536.0 88.0 attractive
11008.0 6500.0 288.0 108.0 place
11412.0 6500.0 104.0 84.0 in

1316.0 9188.0 100.0 60.0 J.
1456.0 9188.0 100.0 56.0 A.
1600.0 9184.0 592.0 60.0 ZABRISKTE.
2868.0 9180.0 96.0 56.0 B.
3016.0 9180.0 100.0 56.0 II.
3164.0 9176.0 604.0 60.0 HEREFORD.

1440.0 9292.0 952.0 88.0 HEREFORD
2452.0 9292.0 120.0 84.0 &
2632.0 9288.0 1036.0 88.0 ZAIIKIKIK.

1316.0 9432.0 508.0 88.0 Attorn
2124.0 9428.0 248.0 84.0 and
2412.0 9424.0 744.0 88.0 Counselor
3268.0 9432.0 136.0 76.0 at
3460.0 9424.0 308.0 84.0 Law

1992.0 9564.0 236.0 80.0 And
2268.0 9564.0 380.0 96.0 Notary
2700.0 9560.0 388.0 80.0 Public.

1432.0 9696.0 304.0 76.0 Office
1808.0 9720.0 132.0 52.0 on
2024.0 9696.0 300.0 96.0 Myers
2432.0 9704.0 348.0 80.0 utreet,
2848.0 9692.0 484.0 100.0 opposite
3408.0 9688.0 360.0 80.0 Palace

1316.0 9792.0 344.0 80.0 Hotel.
1708.0 9776.0 448.0 100.0 Taxson."
2184.0 9792.0 480.0 80.0 Arizona.

1780.0 9992.0 156.0 84.0 R.
1996.0 9992.0 136.0 84.0 I,.
2188.0 9988.0 700.0 92.0 ROSSOX.
2944.0 9988.0 180.0 84.0 M.
3180.0 9988.0 56.0 80.0 I-

1316.0 10128.0 1028.0 104.0 rhyoirian
2448.0 10124.0 336.0 88.0 and
2880.0 10128.0 92.0 76.0 M
3024.0 10148.0 80.0 60.0 u
3152.0 10148.0 68.0 60.0 r
3260.0 10144.0 84.0 76.0 s
3380.0 10144.0 72.0 64.0 r
3488.0 10144.0 72.0 60.0 o
3596.0 10144.0 84.0 60.0 n
3728.0 10176.0 32.0 28.0 .

1536.0 10264.0 544.0 84.0 (Graduate
2120.0 10264.0 120.0 76.0 of
2280.0 10264.0 176.0 76.0 the
2500.0 10260.0 584.0 96.0 University
3124.0 10264.0 116.0 72.0 of
3284.0 10260.0 228.0 92.0 Va.)

1424.0 10396.0 268.0 68.0 Offer
1840.0 10392.0 160.0 72.0 his
2096.0 10392.0 664.0 88.0 professional
2912.0 10392.0 324.0 68.0 en1re
3384.0 10396.0 108.0 64.0 to
3584.0 10388.0 176.0 68.0 the

1316.0 10484.0 516.0 92.0 pieopleof
1864.0 10484.0 424.0 76.0 Phfrnix
2320.0 10484.0 196.0 72.0 and
2552.0 10480.0 444.0 96.0 vicinity.
3060.0 10484.0 300.0 68.0 Office
3480.0 10476.0 124.0 76.0 X.
3688.0 10476.0 68.0 72.0 V

1400.0 10600.0 292.0 52.0 orner
1736.0 10580.0 660.0 76.0 Wahinon
2444.0 10576.0 200.0 76.0 and
2684.0 10580.0 372.0 72.0 Center
3100.0 10576.0 420.0 76.0 Street,
3584.0 10592.0 132.0 76.0 op-

1304.0 10696.0 352.0 84.0 posite
1704.0 10680.0 168.0 80.0 the
1920.0 10680.0 236.0 80.0 Post
2204.0 10680.0 328.0 76.0 Office.

1292.0 10908.0 88.0 60.0 V.
1428.0 10908.0 104.0 56.0 If.
1576.0 10904.0 236.0 60.0 COX.
3080.0 10900.0 100.0 60.0 A.
3224.0 10904.0 88.0 56.0 C.
3356.0 10900.0 392.0 60.0 BAKER.

1876.0 11020.0 108.0 76.0 f
2304.0 11016.0 120.0 80.0 A
2488.0 11012.0 664.0 96.0 BAKER,

1580.0 11144.0 1048.0 96.0 Attorneys
2740.0 11148.0 184.0 72.0 at
3036.0 11144.0 464.0 92.0 Law,

2120.0 11272.0 456.0 80.0 Phoenix.
2624.0 11272.0 116.0 80.0 A.
2780.0 11276.0 116.0 76.0 T.

1408.0 11408.0 336.0 80.0 Office,
1792.0 11404.0 520.0 96.0 np-etair.
2380.0 11404.0 108.0 80.0 in
2556.0 11404.0 396.0 96.0 Capital
3036.0 11400.0 492.0 100.0 building,
3604.0 11424.0 132.0 56.0 on

1276.0 11504.0 696.0 104.0 "Wartbington
2016.0 11512.0 344.0 72.0 -street.

1616.0 11716.0 876.0 84.0 WHAflTOX
2556.0 11716.0 116.0 84.0 JL
2736.0 11716.0 712.0 88.0 HHF.ETS,

1304.0 11852.0 1032.0 96.0 rhyHicianN
2428.0 11848.0 308.0 80.0 and
2824.0 11852.0 920.0 92.0 rSarseoim.

1404.0 11980.0 228.0 80.0 Will
1672.0 11980.0 352.0 76.0 attend
2072.0 11976.0 664.0 100.0 professional
2784.0 11980.0 196.0 72.0 rail
3100.0 11988.0 96.0 64.0 at
3244.0 11996.0 196.0 76.0 any
3484.0 11976.0 256.0 76.0 hour

1268.0 12080.0 136.0 76.0 of
1448.0 12084.0 172.0 76.0 the
1664.0 12080.0 184.0 76.0 dav
1892.0 12100.0 112.0 52.0 or
2060.0 12080.0 320.0 96.0 nijrht.
2496.0 12076.0 304.0 76.0 Oillce
2860.0 12088.0 220.0 64.0 east
3140.0 12076.0 216.0 76.0 side
3400.0 12076.0 116.0 76.0 of
3564.0 12076.0 172.0 76.0 the

1268.0 12180.0 344.0 104.0 plaza.
1724.0 12184.0 116.0 72.0 O.
1900.0 12176.0 112.0 80.0 If.
2068.0 12176.0 104.0 80.0 P.
2216.0 12180.0 392.0 76.0 Sheet.
2664.0 12176.0 116.0 80.0 M-
2844.0 12176.0 152.0 80.0 D..
3040.0 12176.0 200.0 80.0 late
3276.0 12176.0 96.0 76.0 of
3424.0 12176.0 308.0 76.0 Kuu.

1272.0 12252.0 324.0 108.0 S'pv.:
1656.0 12280.0 100.0 76.0 J.
1828.0 12280.0 116.0 76.0 E.
1992.0 12276.0 520.0 92.0 Wharton,
2576.0 12276.0 128.0 80.0 M.
2772.0 12276.0 152.0 84.0 D..
2976.0 12276.0 120.0 80.0 V.
3156.0 12280.0 108.0 72.0 iS.
3308.0 12276.0 420.0 80.0 Medical

1280.0 12376.0 596.0 76.0 Examiner.

1708.0 12568.0 136.0 76.0 J.
1896.0 12568.0 196.0 80.0 W.
2144.0 12564.0 1172.0 92.0 HTKPUKiOV

1532.0 12732.0 944.0 104.0 Attorney
2668.0 12740.0 172.0 76.0 at
3068.0 12732.0 212.0 80.0 La
3320.0 12752.0 168.0 64.0 w.

1444.0 12940.0 604.0 92.0 PIKENIX,
2152.0 12940.0 712.0 80.0 MARItXPA
2964.0 12932.0 592.0 100.0 COCNTr,
3780.0 12888.0 4.0 48.0 '

1908.0 13096.0 1156.0 116.0 ARIZONA.
3772.0 13016.0 12.0 244.0 j

1764.0 13324.0 112.0 80.0 11
1900.0 13324.0 100.0 76.0 A
2036.0 13324.0 92.0 76.0 It
2160.0 13324.0 96.0 76.0 K
2284.0 13324.0 104.0 80.0 V
2468.0 13324.0 140.0 76.0 K.
2660.0 13324.0 208.0 76.0 JO
3008.0 13324.0 232.0 84.0 K:-i.

1256.0 13452.0 688.0 100.0 Attorney
2008.0 13452.0 260.0 80.0 and
2436.0 13456.0 648.0 76.0 ocnr!or
3160.0 13460.0 136.0 72.0 at
3364.0 13452.0 356.0 84.0 Law.
3772.0 13524.0 12.0 8.0 .

2092.0 13584.0 460.0 84.0 Phteair.
2596.0 13592.0 120.0 72.0 A.
2756.0 13584.0 116.0 80.0 T.

1372.0 13716.0 304.0 76.0 OfSce
1720.0 13720.0 472.0 92.0 npntairs
2244.0 13724.0 92.0 72.0 in
2388.0 13720.0 392.0 96.0 Capital
2848.0 13720.0 484.0 80.0 builuin;,
3420.0 13716.0 296.0 76.0 Vab-
3772.0 13740.0 8.0 56.0 ;

1252.0 13812.0 380.0 84.0 imtoii
1732.0 13832.0 288.0 60.0 ;rect.

3912.0 8444.0 400.0 80.0 "ITTE
4380.0 8440.0 1052.0 84.0 RESPECTFULLY
5492.0 8440.0 528.0 84.0 INFGKM
6076.0 8440.0 272.0 80.0 THE

3988.0 8564.0 48.0 72.0 1
4340.0 8548.0 500.0 76.0 Retailer?
4920.0 8548.0 116.0 76.0 of
5116.0 8548.0 440.0 76.0 Arizona
5632.0 8544.0 220.0 80.0 that
5944.0 8564.0 152.0 60.0 we
6184.0 8564.0 168.0 56.0 are

3908.0 8648.0 484.0 100.0 prepared
4440.0 8664.0 104.0 68.0 to
4588.0 8648.0 392.0 80.0 lurnUh
5024.0 8672.0 132.0 56.0 on
5200.0 8648.0 248.0 80.0 hoof

4336.0 8820.0 308.0 120.0 Fat
4736.0 8820.0 448.0 124.0 Beef
5276.0 8820.0 644.0 148.0 Cattle,

3892.0 9056.0 104.0 72.0 at
4040.0 9068.0 192.0 76.0 any
4276.0 9068.0 396.0 60.0 season,
4716.0 9048.0 104.0 76.0 in
4900.0 9068.0 196.0 76.0 any
5132.0 9048.0 592.0 100.0 quantities,
5772.0 9048.0 196.0 76.0 and
6028.0 9056.0 100.0 72.0 at
6172.0 9048.0 172.0 80.0 the

3900.0 9152.0 396.0 76.0 Lowest
4376.0 9148.0 456.0 76.0 Possible
4916.0 9148.0 308.0 76.0 Price.
5340.0 9148.0 212.0 76.0 The
5628.0 9148.0 308.0 76.0 cattle
6008.0 9172.0 164.0 56.0 are
6240.0 9164.0 100.0 64.0 at

3892.0 9248.0 172.0 76.0 the
4108.0 9248.0 496.0 76.0 excellent
4652.0 9248.0 416.0 100.0 grazing
5100.0 9260.0 432.0 84.0 country
5588.0 9248.0 384.0 80.0 around
6012.0 9248.0 332.0 80.0 Tonto

3896.0 9348.0 336.0 76.0 Bain.
4276.0 9348.0 196.0 76.0 and
4516.0 9348.0 100.0 76.0 in
4664.0 9348.0 256.0 96.0 good
4976.0 9348.0 560.0 76.0 condition.

3996.0 9444.0 176.0 76.0 We
4216.0 9448.0 204.0 76.0 will
4504.0 9444.0 392.0 84.0 furnish
4976.0 9448.0 176.0 76.0 the
5224.0 9444.0 404.0 80.0 retailer
5740.0 9444.0 100.0 80.0 in
5888.0 9448.0 208.0 76.0 this
6140.0 9468.0 164.0 60.0 sec-

3888.0 9544.0 216.0 80.0 tion
4152.0 9548.0 244.0 76.0 with
4440.0 9548.0 432.0 76.0 Dressed
4920.0 9548.0 252.0 76.0 JSeef
5216.0 9548.0 252.0 76.0 from
5544.0 9568.0 188.0 56.0 our
5808.0 9548.0 532.0 96.0 Slaughter

3888.0 9644.0 432.0 84.0 Houses,
4364.0 9648.0 296.0 76.0 north
4708.0 9652.0 112.0 72.0 of
4868.0 9664.0 304.0 60.0 town.
5284.0 9648.0 364.0 76.0 Orders
5692.0 9648.0 496.0 76.0 solicited.

4676.0 9748.0 244.0 72.0 ALT
4936.0 9748.0 68.0 72.0 Z
5064.0 9744.0 88.0 76.0 A
5216.0 9744.0 476.0 88.0 KELLY,
5740.0 9748.0 488.0 76.0 Phoenix.

3896.0 9992.0 464.0 464.0 Big
4472.0 9992.0 568.0 464.0 Bug
5224.0 9992.0 1088.0 448.0 Station,

4328.0 10792.0 736.0 116.0 YAVAPAI
5144.0 10796.0 276.0 132.0 CO.,
5496.0 10796.0 140.0 104.0 A.
5712.0 10796.0 132.0 108.0 T.

3856.0 11356.0 168.0 84.0 27
4116.0 11356.0 408.0 84.0 Elites
4624.0 11360.0 340.0 80.0 from
5072.0 11360.0 620.0 84.0 Prescott
5788.0 11360.0 264.0 84.0 and
6144.0 11364.0 168.0 80.0 SO

4128.0 11492.0 120.0 80.0 31
4272.0 11492.0 252.0 80.0 iles
4572.0 11492.0 344.0 80.0 from
4964.0 11492.0 608.0 92.0 Phoenix,
5612.0 11516.0 164.0 56.0 on
5828.0 11496.0 232.0 80.0 the

4336.0 11624.0 436.0 84.0 ltlack
4816.0 11628.0 544.0 100.0 Canyon
5408.0 11628.0 404.0 84.0 Road.

3960.0 11936.0 404.0 92.0 Havinjr
4436.0 11936.0 556.0 96.0 purchased
5072.0 11940.0 176.0 76.0 the
5288.0 11940.0 316.0 76.0 above
5668.0 11940.0 416.0 76.0 station,
6128.0 11936.0 176.0 76.0 the

3852.0 12036.0 496.0 84.0 traveling
4452.0 12036.0 340.0 96.0 public
4888.0 12032.0 196.0 80.0 will
5184.0 12036.0 372.0 96.0 always
5652.0 12036.0 204.0 76.0 find
5952.0 12036.0 344.0 76.0 meals,

3852.0 12132.0 276.0 96.0 grain
4208.0 12132.0 196.0 80.0 and
4484.0 12132.0 188.0 96.0 b:iy
4752.0 12148.0 96.0 60.0 at
4896.0 12132.0 128.0 80.0 all
5088.0 12136.0 332.0 76.0 times.
5544.0 12136.0 76.0 76.0 A
5668.0 12136.0 208.0 88.0 bar,
5920.0 12136.0 248.0 76.0 with
6244.0 12152.0 60.0 60.0 a

3852.0 12232.0 260.0 104.0 good
4156.0 12232.0 288.0 80.0 stock
4488.0 12236.0 112.0 76.0 of
4648.0 12232.0 384.0 100.0 liquors
5080.0 12256.0 128.0 56.0 on
5256.0 12232.0 300.0 80.0 hand.

4064.0 12400.0 1636.0 84.0 KXyER.MAlXCEY
5756.0 12400.0 120.0 84.0 &
5944.0 12400.0 252.0 80.0 CO.

6996.0 8156.0 1368.0 184.0 PHCENIX

6504.0 8664.0 648.0 384.0 ART
7320.0 8640.0 1576.0 416.0 GALLERY,

6800.0 9344.0 632.0 100.0 Southeast
7484.0 9344.0 444.0 100.0 Corner
7972.0 9344.0 140.0 96.0 of
8168.0 9340.0 404.0 100.0 Plaza.

6456.0 9712.0 388.0 188.0 TT1E
6912.0 9712.0 1032.0 80.0 UNDERSIGNED.
7988.0 9712.0 532.0 80.0 HAVING
8584.0 9716.0 272.0 76.0 COM

6768.0 9812.0 336.0 96.0 pleted
7192.0 9812.0 156.0 76.0 his
7428.0 9836.0 220.0 52.0 new
7724.0 9812.0 428.0 96.0 Oallery.
8220.0 9812.0 88.0 76.0 is
8384.0 9836.0 224.0 52.0 now
8688.0 9836.0 172.0 72.0 pre

6452.0 9908.0 300.0 96.0 pared
6800.0 9924.0 100.0 64.0 to
6940.0 9924.0 428.0 64.0 execute
7448.0 9912.0 124.0 76.0 all
7656.0 9912.0 276.0 76.0 work
7980.0 9912.0 96.0 76.0 in
8124.0 9908.0 160.0 80.0 his
8328.0 9908.0 204.0 84.0 line
8580.0 9912.0 100.0 76.0 in
8728.0 9912.0 168.0 76.0 the

6448.0 10012.0 220.0 80.0 best
6716.0 10012.0 256.0 100.0 style
7016.0 10012.0 196.0 80.0 and
7252.0 10024.0 100.0 68.0 at
7400.0 10012.0 584.0 80.0 reasonable
8032.0 10024.0 296.0 68.0 rates.

6556.0 10116.0 80.0 76.0 A
6732.0 10116.0 504.0 80.0 complete
7348.0 10128.0 612.0 64.0 assortment
8068.0 10116.0 116.0 80.0 of
8280.0 10112.0 612.0 84.0 ARIZONA

6452.0 10212.0 632.0 84.0 SCENERY
7128.0 10220.0 368.0 92.0 always
7536.0 10240.0 132.0 52.0 on
7716.0 10216.0 296.0 80.0 hand.

6548.0 10316.0 88.0 72.0 A
6680.0 10316.0 184.0 76.0 full
6912.0 10316.0 204.0 76.0 line
7152.0 10316.0 120.0 76.0 of
7316.0 10320.0 404.0 72.0 Picture
7796.0 10316.0 408.0 76.0 Frames
8272.0 10312.0 200.0 80.0 and
8516.0 10312.0 340.0 76.0 Mould-

6448.0 10408.0 260.0 80.0 ings.
6560.0 10500.0 452.0 76.0 Pictures
7056.0 10500.0 376.0 76.0 framed
7476.0 10508.0 104.0 68.0 to
7620.0 10500.0 316.0 76.0 order.

7652.0 10596.0 124.0 72.0 G.
7840.0 10596.0 124.0 76.0 H.
8028.0 10592.0 752.0 80.0 ROTHROCK.

9156.0 6836.0 212.0 76.0 The
9416.0 6836.0 356.0 76.0 Parlor
9840.0 6836.0 532.0 96.0 adjoining
10444.0 6836.0 468.0 76.0 contains
10960.0 6856.0 340.0 60.0 earner
11364.0 6852.0 124.0 60.0 ca-

9052.0 6932.0 300.0 96.0 pable
9396.0 6936.0 116.0 76.0 of
9568.0 6936.0 476.0 96.0 amusing
10076.0 6932.0 172.0 76.0 the
10296.0 6944.0 264.0 64.0 most
10620.0 6932.0 576.0 76.0 fastidious.

9212.0 7164.0 1972.0 188.0 FURNITURE
11288.0 7164.0 68.0 184.0 !

9044.0 7492.0 252.0 100.0 The
9348.0 7484.0 800.0 132.0 undersigned
10204.0 7492.0 212.0 96.0 has
10468.0 7516.0 148.0 68.0 on
10680.0 7484.0 312.0 100.0 hand
11052.0 7516.0 68.0 72.0 a
11168.0 7488.0 332.0 132.0 large

9824.0 7632.0 708.0 84.0 assortment
10580.0 7620.0 140.0 96.0 of
10764.0 7620.0 32.0 32.0 "

9044.0 7968.0 888.0 144.0 Furniture
10016.0 7964.0 320.0 144.0 and
10424.0 7960.0 1072.0 200.0 Upholstery.

11672.0 5488.0 2408.0 384.0 DEPARTURE.

14244.0 4564.0 432.0 136.0 THE
14740.0 4560.0 916.0 140.0 PHCENIX
15708.0 4560.0 900.0 144.0 HERALD

15740.0 4912.0 748.0 84.0 JvDlTIO.V

14428.0 5140.0 896.0 108.0 Wednesday.
15380.0 5148.0 372.0 84.0 June
15808.0 5140.0 208.0 104.0 11,
16092.0 5140.0 360.0 92.0 1S7.

14716.0 5480.0 508.0 132.0 STATE
15296.0 5480.0 192.0 132.0 OF
15556.0 5476.0 668.0 136.0 SONORA.

14224.0 5944.0 172.0 132.0 its
14500.0 5940.0 384.0 132.0 Great
15036.0 5944.0 536.0 128.0 Mineral
15704.0 5948.0 252.0 124.0 and
16064.0 5944.0 536.0 164.0 Grazing

15000.0 6164.0 776.0 124.0 Resources.

9360.0 8380.0 296.0 96.0 Also
9708.0 8380.0 900.0 96.0 manufactures
10656.0 8396.0 120.0 76.0 to
10828.0 8380.0 348.0 96.0 order

9032.0 8736.0 400.0 108.0 FIXE
9516.0 8740.0 724.0 104.0 CABINET
10316.0 8736.0 520.0 124.0 "WARE,

9320.0 8876.0 568.0 104.0 DOORS.
9972.0 8872.0 1328.0 116.0 WAINSCOATING.

9592.0 9004.0 360.0 96.0 AND
10012.0 9004.0 592.0 100.0 OFFICE
10684.0 9008.0 804.0 96.0 FITTINGS.

9132.0 9344.0 432.0 76.0 Eastern
9612.0 9344.0 292.0 76.0 made
9984.0 9344.0 336.0 76.0 chairs
10360.0 9344.0 584.0 96.0 constantly
11000.0 9368.0 128.0 56.0 on
11180.0 9348.0 304.0 80.0 hand.

9020.0 9444.0 152.0 76.0 On
9224.0 9444.0 668.0 96.0 Washington
9972.0 9452.0 356.0 84.0 street,
10404.0 9444.0 544.0 100.0 adjoining
10988.0 9448.0 172.0 76.0 the
11220.0 9464.0 268.0 64.0 store

9016.0 9548.0 116.0 76.0 of
9180.0 9544.0 412.0 80.0 Nathan
9636.0 9540.0 88.0 84.0 Az
9784.0 9544.0 180.0 80.0 Co.

9160.0 9648.0 264.0 96.0 67-tl
10536.0 9652.0 148.0 92.0 A.
10764.0 9648.0 580.0 100.0 COEKA.

9040.0 9888.0 928.0 472.0 Livery

11992.0 6976.0 728.0 376.0 Cash
12904.0 6984.0 808.0 368.0 Down

11632.0 7800.0 568.0 328.0 Or
12320.0 7792.0 632.0 336.0 No
13080.0 7792.0 880.0 336.0 Sale

11608.0 9356.0 332.0 136.0 WE
12100.0 9352.0 576.0 144.0 WILL
12836.0 9356.0 620.0 144.0 nAYE
13616.0 9360.0 428.0 140.0 TOE

11816.0 9592.0 468.0 144.0 PAY
12348.0 9592.0 288.0 148.0 OR
12704.0 9592.0 596.0 144.0 KEEP
13372.0 9592.0 464.0 148.0 OUR

12428.0 9824.0 804.0 148.0 GOODS!

9148.0 10472.0 800.0 120.0 Washington
10004.0 10480.0 348.0 80.0 street
10432.0 10468.0 632.0 124.0 adjoining
11136.0 10476.0 200.0 88.0 the

9780.0 10596.0 468.0 92.0 Phenix
10296.0 10592.0 404.0 96.0 Hotel.

5296.0 12736.0 808.0 264.0 son

4064.0 13204.0 372.0 156.0 Etaot
4520.0 13208.0 304.0 148.0 and
4920.0 13208.0 412.0 152.0 Shos
5432.0 13208.0 628.0 152.0 Maker.

1852.0 14012.0 140.0 80.0 J.
2048.0 14012.0 148.0 80.0 K.
2252.0 14012.0 60.0 80.0 X
2520.0 14016.0 44.0 76.0 l
2624.0 14016.0 92.0 76.0 U
2756.0 14012.0 352.0 84.0 LAM.

1260.0 14144.0 732.0 84.0 Architect
2104.0 14152.0 264.0 76.0 and
2480.0 14144.0 1164.0 100.0 Saprrintendrnt
3676.0 14204.0 32.0 24.0 .

1376.0 14288.0 332.0 72.0 Flan,
1772.0 14288.0 744.0 88.0 specifications
2596.0 14288.0 196.0 72.0 anil
2856.0 14296.0 520.0 64.0 ttMimtttes
3456.0 14304.0 256.0 52.0 car-

1596.0 14400.0 508.0 80.0 preparen.
2224.0 14392.0 304.0 64.0 Oihce
2608.0 14400.0 232.0 56.0 with
2920.0 14392.0 212.0 68.0 Pre.
3200.0 14392.0 360.0 64.0 hneein
3644.0 14392.0 60.0 64.0 V

2140.0 14496.0 156.0 56.0 idf
2340.0 14496.0 96.0 56.0 oi
2500.0 14496.0 144.0 60.0 tilt
2720.0 14504.0 312.0 68.0 yijiza.

1252.0 14380.0 188.0 76.0 full

1392.0 14480.0 388.0 72.0 hartou.
1824.0 14492.0 216.0 60.0 east

1848.0 14672.0 156.0 80.0 if.
2068.0 14672.0 156.0 84.0 L.
2288.0 14676.0 844.0 84.0 CO.WKIW.

1256.0 14796.0 1016.0 104.0 Phyiirian
2372.0 14804.0 332.0 80.0 and
2800.0 14812.0 904.0 92.0 Murgeon.

1856.0 14932.0 292.0 100.0 (Late
2184.0 14936.0 120.0 80.0 of
2348.0 14936.0 412.0 84.0 Visalia.
2808.0 14940.0 256.0 96.0 Cal.)

1356.0 15068.0 304.0 76.0 Office
1720.0 15092.0 136.0 56.0 on
1932.0 15068.0 664.0 108.0 Washington
2668.0 15088.0 352.0 76.0 street,
3100.0 15088.0 200.0 64.0 two
3396.0 15076.0 296.0 80.0 doors

1232.0 15164.0 268.0 76.0 from
1548.0 15168.0 676.0 76.0 Montezuma.

3844.0 13596.0 92.0 80.0 V
4004.0 13596.0 720.0 88.0 anhir.cton
4784.0 13604.0 480.0 72.0 street.
5296.0 13596.0 708.0 108.0 attjoininc
6044.0 13596.0 236.0 76.0 the

4352.0 13740.0 288.0 72.0 tore
4704.0 13732.0 156.0 80.0 of
4912.0 13728.0 800.0 84.0 Castaiieda.

3936.0 14068.0 672.0 76.0 Fashionable
4672.0 14064.0 308.0 76.0 Roots
5024.0 14060.0 196.0 76.0 and
5284.0 14060.0 320.0 76.0 Shoes
5680.0 14056.0 116.0 76.0 of
5840.0 14056.0 172.0 76.0 the
6052.0 14052.0 224.0 80.0 bet

3828.0 14168.0 452.0 80.0 mult-rial
4336.0 14168.0 280.0 76.0 made
4660.0 14180.0 108.0 60.0 to
4804.0 14160.0 292.0 80.0 order
5136.0 14160.0 100.0 76.0 in
5280.0 14160.0 400.0 100.0 elegant
5720.0 14156.0 288.0 100.0 style.

3828.0 14488.0 704.0 132.0 Perfect
4648.0 14488.0 352.0 132.0 Fits
5116.0 14484.0 1144.0 132.0 Guaranteed.

3924.0 14872.0 44.0 76.0 I
4068.0 14872.0 168.0 72.0 ive
4280.0 14892.0 160.0 72.0 my
4480.0 14868.0 324.0 76.0 entire
4848.0 14864.0 500.0 80.0 attention
5396.0 14872.0 104.0 68.0 to
5540.0 14872.0 392.0 68.0 custom
5980.0 14864.0 288.0 72.0 made

3816.0 14972.0 304.0 76.0 w.-rk.
4232.0 14968.0 124.0 80.0 nl
4436.0 14968.0 32.0 80.0 I
4556.0 14968.0 248.0 76.0 have
4880.0 14988.0 296.0 72.0 every
5260.0 14964.0 380.0 100.0 facility
5704.0 14968.0 148.0 72.0 for
5928.0 14964.0 344.0 100.0 giving

3812.0 15072.0 320.0 76.0 entire
4172.0 15088.0 148.0 60.0 nat
4336.0 15072.0 84.0 76.0 is
4432.0 15068.0 404.0 80.0 faction.
4992.0 15064.0 268.0 80.0 Send
5304.0 15068.0 100.0 76.0 in
5440.0 15088.0 256.0 64.0 your
5732.0 15064.0 376.0 76.0 orders.

6760.0 10864.0 308.0 160.0 The
7192.0 10864.0 548.0 160.0 United
7872.0 10864.0 576.0 160.0 States

6608.0 11268.0 2052.0 224.0 BREWERY,

6572.0 11680.0 460.0 96.0 Wishes
7132.0 11696.0 116.0 84.0 to
7344.0 11680.0 436.0 100.0 inform
7836.0 11684.0 196.0 96.0 the
8132.0 11680.0 412.0 120.0 public
8644.0 11680.0 232.0 100.0 and

6420.0 11812.0 376.0 96.0 lovers
6848.0 11816.0 132.0 92.0 of
7040.0 11812.0 308.0 116.0 good

6920.0 12008.0 700.0 120.0 LAGER
7740.0 12008.0 628.0 120.0 BEER.

6412.0 12168.0 308.0 104.0 That
6768.0 12176.0 280.0 128.0 they
7124.0 12176.0 300.0 92.0 have
7524.0 12168.0 504.0 100.0 reduced
8132.0 12176.0 192.0 96.0 the
8376.0 12172.0 328.0 128.0 price
8752.0 12172.0 188.0 100.0 of!

7152.0 12304.0 432.0 96.0 bottled
7648.0 12308.0 296.0 116.0 beer,
8000.0 12320.0 120.0 84.0 to
8928.0 12272.0 16.0 60.0 '

6416.0 12468.0 556.0 116.0 Three
7084.0 12468.0 668.0 116.0 Dollars
7844.0 12500.0 304.0 116.0 per
8216.0 12468.0 648.0 148.0 Dozen,
8924.0 12416.0 16.0 184.0 I

6484.0 12628.0 132.0 92.0 In
6660.0 12628.0 336.0 92.0 order
7048.0 12640.0 120.0 80.0 to
7224.0 12632.0 352.0 88.0 allow
7628.0 12632.0 196.0 88.0 the
7888.0 12660.0 288.0 88.0 poor
8228.0 12660.0 124.0 60.0 as
8408.0 12632.0 260.0 88.0 well
8736.0 12660.0 132.0 60.0 sis
8924.0 12620.0 12.0 152.0 j

6404.0 12760.0 196.0 92.0 the
6656.0 12760.0 288.0 100.0 rich,
7000.0 12772.0 116.0 80.0 to
7212.0 12756.0 400.0 96.0 obtain
7672.0 12788.0 68.0 64.0 a
7796.0 12764.0 568.0 120.0 beverage
8444.0 12756.0 424.0 128.0 hiirhly
8924.0 12804.0 12.0 52.0 i

6412.0 12888.0 604.0 100.0 beneficial
7076.0 12908.0 120.0 80.0 to
7248.0 12892.0 440.0 96.0 health.
8920.0 12852.0 16.0 128.0 I

7452.0 13024.0 140.0 76.0 K.
7660.0 13020.0 1100.0 80.0 WRHRFSETZ

6720.0 13152.0 236.0 76.0 I.ats
6996.0 13152.0 116.0 76.0 of
7164.0 13152.0 204.0 72.0 Sclt
7440.0 13152.0 264.0 76.0 I.aVe
7768.0 13152.0 228.0 72.0 Titv
8060.0 13152.0 480.0 72.0 ti-rvm-.

6336.0 13384.0 12.0 200.0 !
6416.0 13416.0 824.0 184.0 White
7384.0 13416.0 232.0 184.0 &
7752.0 13376.0 1176.0 224.0 Walters'

9012.0 10956.0 516.0 84.0 Morses
9652.0 10948.0 612.0 88.0 Boarded
10384.0 10952.0 172.0 96.0 by
10708.0 10948.0 240.0 88.0 the

9648.0 11060.0 124.0 76.0 lt
9812.0 11060.0 264.0 80.0 eet
10124.0 11076.0 156.0 60.0 or
10328.0 11056.0 516.0 80.0 Slontli.

11172.0 10948.0 296.0 104.0 Day

1480.0 15360.0 184.0 80.0 JI
1716.0 15360.0 244.0 80.0 L1C
2008.0 15368.0 96.0 68.0 H
2328.0 15416.0 40.0 24.0 .
2432.0 15364.0 812.0 80.0 VAfiLY(
3300.0 15368.0 172.0 84.0 K,

1232.0 15488.0 688.0 100.0 Attorney
1984.0 15492.0 260.0 80.0 and
2312.0 15492.0 748.0 84.0 Counselor
3120.0 15500.0 140.0 76.0 at
3348.0 15496.0 284.0 80.0 Un

1496.0 15620.0 792.0 84.0 McMillenville.
2336.0 15620.0 504.0 104.0 Maricopa
2888.0 15628.0 212.0 80.0 Co..
3144.0 15632.0 120.0 76.0 A.
3308.0 15628.0 112.0 80.0 T.

1348.0 15752.0 228.0 80.0 Will
1628.0 15756.0 432.0 96.0 practice
2108.0 15764.0 112.0 72.0 In
2264.0 15756.0 132.0 80.0 all
2444.0 15760.0 168.0 80.0 the
2644.0 15776.0 336.0 64.0 conrts
3020.0 15764.0 116.0 76.0 of
3168.0 15764.0 168.0 76.0 the
3376.0 15764.0 276.0 76.0 Terri

1228.0 15856.0 264.0 88.0 tory.
2956.0 15888.0 52.0 44.0 .

1836.0 16052.0 336.0 76.0 JUII
2356.0 16052.0 144.0 80.0 T.
2560.0 16056.0 100.0 76.0 A
2696.0 16056.0 84.0 76.0 I.
2792.0 16056.0 372.0 88.0 HAH.

1224.0 16180.0 688.0 100.0 Attorney
1972.0 16204.0 264.0 56.0 mm.
2300.0 16184.0 752.0 84.0 Coanarlor
3104.0 16196.0 140.0 72.0 at
3344.0 16188.0 340.0 88.0 Law,
3736.0 16184.0 12.0 104.0 j

1980.0 16312.0 460.0 80.0 Pho?nix.
2488.0 16316.0 468.0 76.0 Arizona.

1344.0 16436.0 148.0 84.0 All
1540.0 16436.0 468.0 84.0 hninean
2052.0 16444.0 512.0 96.0 prontptlv
2604.0 16444.0 476.0 84.0 attended
3128.0 16452.0 136.0 76.0 to.
3376.0 16448.0 300.0 80.0 Office
3732.0 16468.0 12.0 56.0 :

1212.0 16540.0 264.0 76.0 with
1524.0 16544.0 168.0 72.0 the
1740.0 16540.0 428.0 80.0 Jitriel
2212.0 16548.0 524.0 76.0 Atsornev.

1212.0 16756.0 484.0 60.0 rtoiiTZ
1736.0 16764.0 376.0 56.0 jrsE.
2804.0 16764.0 424.0 60.0 sotabt
3272.0 16768.0 396.0 56.0 ruDLtc.

1688.0 16872.0 344.0 80.0 WM.
2092.0 16872.0 164.0 80.0 A.
2320.0 16872.0 424.0 80.0 HAM
2792.0 16876.0 404.0 88.0 OCK.

1584.0 17000.0 924.0 104.0 Attorney
2608.0 17012.0 140.0 72.0 at
2852.0 17004.0 464.0 100.0 Law,

2044.0 17140.0 460.0 80.0 Phoenix.
2552.0 17144.0 112.0 76.0 A.
2708.0 17144.0 112.0 80.0 T.

1324.0 17272.0 536.0 88.0 rLand
1924.0 17272.0 472.0 80.0 basinecs
2464.0 17276.0 108.0 80.0 in
2640.0 17280.0 132.0 76.0 mil
2832.0 17280.0 644.0 96.0 department
3608.0 17304.0 56.0 56.0 a

1204.0 17368.0 540.0 92.0 specialty.

3832.0 15432.0 2136.0 360.0 Lumber
6080.0 15424.0 120.0 360.0 I

6784.0 13820.0 432.0 100.0 KEEP
7288.0 13820.0 108.0 96.0 A
7480.0 13816.0 996.0 100.0 FIRST-CLASS
8908.0 13720.0 20.0 288.0 j

6532.0 14752.0 188.0 96.0 On
6808.0 14752.0 788.0 116.0 Washington
7652.0 14752.0 408.0 112.0 Street,
8124.0 14756.0 576.0 96.0 Phoenix.
8900.0 14748.0 16.0 88.0 i

8896.0 14932.0 16.0 180.0 i

6320.0 15120.0 12.0 40.0 1
8896.0 15120.0 16.0 40.0 I

6320.0 15344.0 8.0 72.0 I

4024.0 16032.0 852.0 152.0 LUMBER!
5004.0 16028.0 848.0 152.0 LUMBER!

4936.0 16420.0 240.0 80.0 AT-

3808.0 16744.0 776.0 368.0 Clark
4736.0 16744.0 256.0 368.0 &
5128.0 16744.0 1096.0 368.0 Adams'

4048.0 17336.0 392.0 80.0 MAW
4504.0 17332.0 432.0 84.0 MILL
4996.0 17332.0 360.0 80.0 AD
5424.0 17332.0 544.0 92.0 YARD,

1792.0 17596.0 452.0 88.0 PAIL
2308.0 17600.0 148.0 80.0 XV
2488.0 17604.0 608.0 92.0 KBRKR,

1208.0 17728.0 688.0 104.0 Attorney
1956.0 17732.0 260.0 84.0 and
2292.0 17736.0 60.0 84.0 (
2400.0 17740.0 644.0 84.0 ouimrlor
3104.0 17748.0 136.0 76.0 at
3312.0 17744.0 336.0 88.0 Law.

1936.0 17868.0 488.0 84.0 Prescott.
2472.0 17872.0 468.0 80.0 Arizona.

1316.0 17992.0 236.0 80.0 Will
1596.0 18000.0 440.0 92.0 practice
2080.0 18000.0 100.0 76.0 in
2224.0 18004.0 128.0 72.0 al!
2396.0 18004.0 176.0 76.0 the
2612.0 18016.0 336.0 64.0 courts
2984.0 18008.0 120.0 76.0 of
3136.0 18008.0 168.0 76.0 the
3344.0 18012.0 304.0 76.0 Tern-

3784.0 17644.0 164.0 80.0 PR
3968.0 17644.0 76.0 76.0 E
4060.0 17644.0 444.0 92.0 SCOTT,

5584.0 17636.0 640.0 84.0 ARIZONA.

1200.0 18096.0 264.0 72.0 torv.

1532.0 18284.0 336.0 88.0 Joif
2060.0 18288.0 136.0 88.0 l.
2388.0 18292.0 92.0 84.0 it
2568.0 18292.0 320.0 92.0 ;,;.
2960.0 18296.0 168.0 84.0 ji.
3192.0 18300.0 152.0 84.0 j.

1212.0 18424.0 1420.0 104.0 rhynician.Fiorsrcon
2668.0 18432.0 116.0 88.0 &.
2836.0 18436.0 816.0 88.0 Accoucher.
3704.0 18416.0 12.0 60.0 ;

1320.0 18560.0 592.0 76.0 Refereaefi
2008.0 18564.0 424.0 76.0 without
2532.0 18568.0 656.0 96.0 permission:
3308.0 18572.0 108.0 76.0 F.
3520.0 18576.0 128.0 76.0 M.
3704.0 18520.0 12.0 120.0 !

1196.0 18660.0 480.0 76.0 CocWri!!.
1732.0 18660.0 112.0 80.0 V.
1896.0 18664.0 100.0 76.0 S.
2072.0 18668.0 456.0 76.0 Senator.
2596.0 18668.0 248.0 84.0 Mo.;
2904.0 18672.0 220.0 76.0 Col.
3184.0 18672.0 276.0 76.0 John
3536.0 18676.0 112.0 76.0 T.
3704.0 18688.0 12.0 96.0 j

1188.0 18756.0 336.0 100.0 Crisp.
1632.0 18760.0 620.0 80.0 Democratic
2352.0 18764.0 472.0 80.0 nomine-?
2924.0 18772.0 152.0 76.0 for
3152.0 18776.0 496.0 80.0 Conirrer-s

1192.0 18860.0 252.0 72.0 from
1504.0 18860.0 496.0 76.0 Missouri.
2120.0 18868.0 304.0 72.0 Office
2468.0 18880.0 200.0 64.0 two
2708.0 18868.0 292.0 80.0 miles
3048.0 18876.0 296.0 72.0 south
3396.0 18872.0 256.0 80.0 Hav-
3700.0 18936.0 12.0 20.0 .

1188.0 18956.0 292.0 76.0 den.s
1528.0 18960.0 332.0 88.0 Ferry.
1912.0 18960.0 464.0 76.0 Arizona.
3552.0 18956.0 28.0 16.0 "

1300.0 19268.0 256.0 80.0 Gold
1632.0 19268.0 268.0 84.0 dnst.
1984.0 19272.0 224.0 84.0 coM
2292.0 19272.0 196.0 80.0 and
2568.0 19276.0 300.0 80.0 silver
2960.0 19280.0 392.0 80.0 bullion
3448.0 19284.0 196.0 80.0 and

1180.0 19372.0 692.0 96.0 oresofeiry
1904.0 19372.0 612.0 96.0 description
2564.0 19380.0 360.0 76.0 melted
2964.0 19384.0 192.0 72.0 and
3192.0 19388.0 448.0 72.0 assaved.
3696.0 19392.0 12.0 80.0 !

1180.0 19468.0 164.0 76.0 All
1388.0 19488.0 348.0 76.0 assays
1780.0 19472.0 640.0 96.0 guaranteed.
2516.0 19476.0 276.0 80.0 Price
2892.0 19480.0 112.0 76.0 of
3036.0 19504.0 168.0 52.0 ore
3248.0 19500.0 392.0 60.0 assav:
3696.0 19484.0 12.0 52.0 '

1172.0 19564.0 336.0 76.0 Silver
1580.0 19568.0 200.0 76.0 and
1860.0 19568.0 260.0 88.0 gold.
2440.0 19576.0 248.0 72.0 lead.
3004.0 19600.0 404.0 72.0 copper.
3488.0 19588.0 148.0 84.0 $.".
3696.0 19568.0 12.0 80.0 I

1176.0 19664.0 472.0 88.0 Samples
1692.0 19684.0 176.0 56.0 can
1920.0 19668.0 124.0 72.0 be
2088.0 19680.0 220.0 64.0 sent
2352.0 19672.0 124.0 88.0 by
2512.0 19672.0 232.0 76.0 mail
2792.0 19696.0 112.0 52.0 or
2944.0 19696.0 456.0 72.0 crprrss.
3444.0 19680.0 196.0 76.0 and
3692.0 19660.0 16.0 116.0 j

1176.0 19776.0 404.0 60.0 returns
1628.0 19760.0 200.0 76.0 will
1876.0 19764.0 124.0 72.0 be
2048.0 19768.0 504.0 88.0 promn.lv
2612.0 19768.0 320.0 80.0 made.
3048.0 19776.0 304.0 76.0 Oltiee
3400.0 19776.0 240.0 76.0 wilh
3696.0 19784.0 12.0 68.0 :

1188.0 19856.0 348.0 80.0 Wells.
1588.0 19856.0 320.0 100.0 Fargo
1964.0 19860.0 88.0 80.0 &
2096.0 19864.0 212.0 88.0 Co.,
2356.0 19864.0 488.0 80.0 Prescott.
3692.0 19924.0 16.0 20.0 .

3880.0 17960.0 400.0 88.0 Having
4340.0 17956.0 348.0 80.0 moved
4760.0 17980.0 184.0 56.0 our
4984.0 17956.0 212.0 76.0 mill
5268.0 17960.0 184.0 72.0 five
5496.0 17952.0 292.0 80.0 miles
5832.0 17960.0 244.0 68.0 wet
6120.0 17952.0 116.0 76.0 of

3780.0 18056.0 488.0 72.0 Pre-cort.
4344.0 18080.0 132.0 48.0 on
4556.0 18056.0 392.0 72.0 Willow
5028.0 18056.0 352.0 72.0 t'reek.
5464.0 18052.0 268.0 76.0 Neer
5820.0 18052.0 400.0 76.0 Thumb

3780.0 18152.0 328.0 76.0 Ilutte.
4152.0 18168.0 96.0 60.0 at
4332.0 18172.0 52.0 52.0 a
4468.0 18152.0 288.0 92.0 point
4804.0 18152.0 348.0 76.0 within
5236.0 18164.0 204.0 60.0 two
5516.0 18148.0 260.0 76.0 mile-
5884.0 18148.0 116.0 76.0 of
6052.0 18148.0 168.0 72.0 the

3776.0 18248.0 328.0 80.0 Miller
4144.0 18248.0 268.0 80.0 rond.
4456.0 18272.0 244.0 56.0 near
4784.0 18248.0 224.0 76.0 Iron
5092.0 18248.0 452.0 88.0 Springs,
5592.0 18248.0 196.0 76.0 and
5848.0 18244.0 372.0 92.0 having

3772.0 18352.0 572.0 100.0 cmpleted
4388.0 18376.0 120.0 56.0 an
4592.0 18352.0 500.0 80.0 excellent
5176.0 18348.0 236.0 84.0 road
5488.0 18360.0 108.0 68.0 to
5676.0 18348.0 168.0 80.0 the
5888.0 18344.0 332.0 84.0 Miller

3772.0 18456.0 236.0 80.0 road
4052.0 18456.0 192.0 76.0 and
4292.0 18468.0 108.0 64.0 to
4484.0 18456.0 392.0 76.0 Present
4896.0 18468.0 64.0 64.0 t.
5008.0 18476.0 148.0 56.0 we
5196.0 18476.0 164.0 56.0 are
5436.0 18472.0 224.0 60.0 now
5732.0 18448.0 488.0 104.0 prepared

3776.0 18572.0 104.0 64.0 to
3924.0 18556.0 384.0 76.0 furnish
4352.0 18580.0 192.0 72.0 any
4588.0 18572.0 412.0 60.0 amount
5044.0 18580.0 116.0 52.0 or
5196.0 18556.0 384.0 100.0 quality
5640.0 18556.0 112.0 76.0 of

6320.0 15500.0 4.0 140.0 j
6384.0 15432.0 844.0 184.0 Imported
7348.0 15432.0 620.0 172.0 Wines,
8112.0 15440.0 724.0 184.0 Liquors

7104.0 15640.0 320.0 136.0 and
7520.0 15640.0 616.0 160.0 Cigars.

6488.0 16144.0 904.0 472.0 Cheap
7648.0 16152.0 1072.0 472.0 Living!

8244.0 16756.0 252.0 176.0 $7
8616.0 16768.0 200.0 132.0 00

11800.0 11140.0 292.0 136.0 We
12252.0 11144.0 624.0 180.0 hereby
13024.0 11152.0 544.0 180.0 notify
13732.0 11200.0 300.0 88.0 our

11588.0 11332.0 632.0 140.0 friends
12436.0 11336.0 328.0 136.0 and
12984.0 11340.0 288.0 140.0 the
13460.0 11344.0 564.0 184.0 public

11588.0 11532.0 844.0 184.0 generally
12584.0 11532.0 368.0 140.0 that
13104.0 11540.0 424.0 140.0 from
13684.0 11540.0 340.0 144.0 this

11588.0 11732.0 400.0 144.0 time
12068.0 11732.0 444.0 144.0 forth
12596.0 11784.0 236.0 92.0 we
12912.0 11736.0 332.0 140.0 will
13312.0 11784.0 456.0 100.0 cease
13848.0 11756.0 172.0 132.0 to

11588.0 11932.0 296.0 140.0 sell
12072.0 11936.0 264.0 136.0 for
12524.0 11936.0 528.0 136.0 credit
13280.0 11988.0 212.0 88.0 on
13680.0 11988.0 324.0 140.0 any

11584.0 12144.0 504.0 128.0 terms
12200.0 12128.0 872.0 148.0 whatever.
13296.0 12132.0 296.0 144.0 We
13744.0 12184.0 272.0 96.0 are

11580.0 12380.0 516.0 92.0 aware
12176.0 12328.0 372.0 144.0 that
12664.0 12332.0 168.0 140.0 in
12956.0 12336.0 480.0 144.0 order
13548.0 12352.0 172.0 128.0 to
13804.0 12340.0 208.0 144.0 do

11580.0 12528.0 332.0 136.0 this
12044.0 12576.0 236.0 92.0 we
12400.0 12532.0 340.0 132.0 will
12856.0 12532.0 412.0 140.0 have
13396.0 12552.0 176.0 120.0 to
13716.0 12540.0 296.0 136.0 sell

11580.0 12724.0 704.0 140.0 cheaper
12436.0 12724.0 404.0 136.0 than
12992.0 12772.0 304.0 92.0 our
13440.0 12732.0 572.0 132.0 neie-h-

8992.0 12880.0 148.0 76.0 On
9288.0 12876.0 304.0 84.0 block
9684.0 12880.0 300.0 80.0 north
10080.0 12880.0 116.0 80.0 of
10296.0 12880.0 172.0 80.0 the
10568.0 12880.0 444.0 80.0 Herald
11088.0 12876.0 356.0 84.0 Office:
11508.0 12908.0 12.0 76.0 !
11576.0 12924.0 40.0 48.0 t
12356.0 12920.0 48.0 52.0 t
13948.0 12932.0 44.0 40.0 -i

9188.0 13004.0 168.0 56.0 .in
9464.0 12992.0 168.0 68.0 the
9728.0 13008.0 216.0 56.0 rear
10036.0 12992.0 112.0 72.0 of
10228.0 12992.0 516.0 88.0 Copclaud
10796.0 13004.0 48.0 60.0 s
10924.0 12992.0 256.0 68.0 Sash
11248.0 12992.0 200.0 68.0 aud
11504.0 12996.0 16.0 72.0 !
11592.0 12992.0 412.0 88.0 UU1S,
12096.0 12992.0 320.0 72.0 ilUU
12648.0 12992.0 84.0 76.0 U
12856.0 12992.0 144.0 76.0 ill
13044.0 12992.0 84.0 80.0 O
13228.0 12992.0 776.0 88.0 IJieOUieU

11576.0 13148.0 168.0 108.0 to
11948.0 13172.0 204.0 84.0 no
12352.0 13172.0 228.0 96.0 so.
12880.0 13132.0 244.0 136.0 As
13304.0 13176.0 240.0 96.0 Ave
13732.0 13184.0 268.0 88.0 are

9108.0 13340.0 428.0 80.0 Fresh
9584.0 13336.0 432.0 84.0 Bread
10064.0 13340.0 284.0 80.0 Alw
10384.0 13356.0 244.0 80.0 ays
10672.0 13360.0 168.0 56.0 ou
10896.0 13336.0 436.0 80.0 Hand.
11568.0 13324.0 752.0 176.0 building
12396.0 13372.0 232.0 92.0 WC
12708.0 13376.0 272.0 92.0 ai'C
13040.0 13372.0 396.0 108.0 Vei'V
13516.0 13332.0 484.0 136.0 milch

9960.0 13592.0 776.0 112.0 0RAHA5I
10840.0 13592.0 608.0 116.0 JJIiEAD
11568.0 13520.0 660.0 180.0 pressed
12464.0 13524.0 260.0 140.0 for
12964.0 13524.0 436.0 144.0 cash.
13676.0 13528.0 320.0 136.0 and

11564.0 13728.0 820.0 128.0 thereiore
12468.0 13736.0 132.0 120.0 it
12716.0 13728.0 336.0 132.0 will
13172.0 13728.0 200.0 132.0 be
13452.0 13728.0 544.0 140.0 better

11568.0 13920.0 260.0 136.0 for
11908.0 13964.0 188.0 88.0 us
12180.0 13928.0 168.0 128.0 to
12436.0 13916.0 296.0 140.0 sell
12820.0 13924.0 252.0 132.0 for
13152.0 13964.0 356.0 96.0 cost
13592.0 13924.0 400.0 140.0 than

11560.0 14128.0 172.0 124.0 to
11820.0 14112.0 296.0 140.0 sell
12260.0 14160.0 208.0 92.0 on
12556.0 14164.0 376.0 96.0 ever
13016.0 14164.0 176.0 92.0 so
13320.0 14116.0 464.0 148.0 short
13904.0 14172.0 92.0 88.0 a

11556.0 14312.0 440.0 184.0 time,
12084.0 14364.0 216.0 96.0 no
12448.0 14336.0 596.0 124.0 matter
13124.0 14316.0 364.0 148.0 how
13564.0 14324.0 424.0 184.0 good

11556.0 14520.0 280.0 136.0 the
11996.0 14520.0 576.0 184.0 buyer.
12800.0 14520.0 336.0 140.0 The
13272.0 14528.0 420.0 132.0 facts
13816.0 14524.0 168.0 140.0 in

11556.0 14712.0 276.0 136.0 the
11920.0 14760.0 360.0 88.0 case
12360.0 14764.0 276.0 88.0 are
12724.0 14720.0 364.0 176.0 just
13168.0 14720.0 536.0 136.0 these:
13856.0 14720.0 132.0 136.0 it

11548.0 14908.0 136.0 136.0 is
11836.0 14956.0 92.0 88.0 a
12060.0 14912.0 816.0 172.0 necessity
12984.0 14912.0 404.0 140.0 with
13508.0 14960.0 184.0 92.0 us
13808.0 14928.0 172.0 124.0 to

11548.0 15108.0 408.0 144.0 have
12040.0 15160.0 300.0 92.0 our
12416.0 15112.0 516.0 184.0 goods
13056.0 15164.0 184.0 92.0 or
13320.0 15128.0 168.0 128.0 to
13576.0 15112.0 400.0 144.0 have

11540.0 15308.0 284.0 136.0 the
12052.0 15312.0 952.0 136.0 wherewith
13236.0 15328.0 172.0 120.0 to
13656.0 15316.0 320.0 180.0 buy

11536.0 15548.0 500.0 92.0 more.
12268.0 15504.0 232.0 144.0 Of
12648.0 15548.0 572.0 96.0 course
13368.0 15552.0 240.0 96.0 we
13768.0 15508.0 204.0 140.0 do

11536.0 15716.0 300.0 128.0 not
11920.0 15720.0 600.0 172.0 expect
12600.0 15720.0 176.0 124.0 to
12860.0 15704.0 208.0 144.0 do
13156.0 15756.0 176.0 92.0 so
13480.0 15708.0 484.0 144.0 much

9108.0 11364.0 336.0 92.0 Keeps
9488.0 11364.0 368.0 92.0 always
9900.0 11384.0 128.0 56.0 on
10076.0 11360.0 272.0 80.0 hand
10440.0 11360.0 172.0 76.0 the
10668.0 11356.0 228.0 80.0 best
10940.0 11356.0 392.0 100.0 quality
11368.0 11356.0 120.0 80.0 of
11524.0 11376.0 12.0 60.0 I

9000.0 11464.0 328.0 80.0 wheat
9376.0 11464.0 200.0 76.0 and
9624.0 11484.0 284.0 80.0 grain
9956.0 11464.0 224.0 96.0 hay,
10220.0 11464.0 340.0 92.0 barley
10604.0 11464.0 200.0 72.0 and
10844.0 11472.0 256.0 64.0 oat.

9100.0 11764.0 288.0 80.0 Good
9464.0 11764.0 888.0 80.0 accommodation
10436.0 11760.0 156.0 80.0 for
10664.0 11768.0 536.0 72.0 teamsters
11264.0 11760.0 204.0 80.0 and

8996.0 11868.0 516.0 72.0 travelers.
9628.0 11864.0 340.0 96.0 Keep,
10048.0 11864.0 588.0 96.0 constantly
10708.0 11884.0 136.0 56.0 on
10924.0 11864.0 268.0 76.0 hand
11268.0 11864.0 196.0 72.0 fine

8996.0 11976.0 512.0 60.0 tumonts.
9628.0 11964.0 376.0 76.0 Ilorser
10044.0 11960.0 444.0 76.0 boarded
10532.0 11968.0 104.0 72.0 at
10680.0 11984.0 164.0 72.0 my
10884.0 11960.0 332.0 76.0 btable
11260.0 11960.0 204.0 76.0 will

8992.0 12060.0 392.0 76.0 receive
9428.0 12060.0 172.0 76.0 the
9644.0 12060.0 228.0 76.0 best
9916.0 12056.0 552.0 80.0 attention.

10428.0 12152.0 300.0 80.0 GEO.
10784.0 12152.0 572.0 84.0 HAMLIN.

9000.0 12396.0 1348.0 120.0 CALIFORNIA
10532.0 12392.0 920.0 152.0 BAKERY,

9632.0 12648.0 460.0 76.0 ADAMS
10228.0 12648.0 556.0 92.0 STREET,

8996.0 13084.0 292.0 76.0 lilillii
9356.0 13084.0 340.0 92.0 depot.

9104.0 13340.0 248.0 80.0 Frr

8980.0 13592.0 356.0 116.0 RYE
9432.0 13592.0 368.0 116.0 AND

9516.0 13908.0 352.0 100.0 made
9944.0 13924.0 124.0 84.0 to
10136.0 13908.0 404.0 116.0 order;
10620.0 13912.0 252.0 96.0 also

9328.0 14204.0 404.0 80.0 PIF.S
9900.0 14200.0 364.0 84.0 ASW
10440.0 14200.0 628.0 84.0 CAKES.

9096.0 14384.0 248.0 92.0 yT'
9360.0 14380.0 336.0 76.0 Prices
9740.0 14392.0 104.0 64.0 to
9888.0 14376.0 204.0 80.0 suit
10140.0 14376.0 172.0 80.0 the
10352.0 14376.0 340.0 80.0 times.

10040.0 14576.0 352.0 76.0 CAIiL
10456.0 14576.0 756.0 76.0 SCHERRER.

9128.0 14676.0 240.0 76.0 I.ate
9408.0 14676.0 112.0 76.0 of
9580.0 14676.0 200.0 76.0 San
9828.0 14672.0 700.0 92.0 Bernardino.)
11204.0 14680.0 24.0 68.0 i
11352.0 14676.0 80.0 76.0 tt

9000.0 14912.0 768.0 376.0 New
9968.0 14912.0 1440.0 376.0 Saloon.

6360.0 16748.0 528.0 136.0 Board

7044.0 16752.0 712.0 140.0 reduced
7916.0 16772.0 176.0 120.0 to

7184.0 16992.0 292.0 140.0 per
7556.0 16948.0 496.0 148.0 week.

9060.0 15500.0 184.0 76.0 We
9316.0 15524.0 220.0 52.0 won
9552.0 15500.0 100.0 80.0 Id
9736.0 15500.0 656.0 100.0 respectfully
10452.0 15504.0 328.0 96.0 notify
10824.0 15504.0 176.0 76.0 the
11076.0 15508.0 344.0 92.0 public

8956.0 15604.0 224.0 76.0 thflt
9236.0 15624.0 148.0 56.0 we
9460.0 15604.0 252.0 76.0 have
9752.0 15600.0 400.0 96.0 opened
10228.0 15624.0 56.0 56.0 a
10364.0 15624.0 216.0 56.0 new
10660.0 15604.0 352.0 76.0 saloon
11096.0 15604.0 104.0 80.0 in
11248.0 15608.0 172.0 72.0 the

8952.0 15700.0 468.0 88.0 building
9492.0 15704.0 484.0 96.0 opposite
10052.0 15704.0 176.0 80.0 the
10324.0 15704.0 440.0 96.0 Express
10844.0 15708.0 332.0 76.0 Office,
11224.0 15708.0 196.0 76.0 and

8952.0 15804.0 364.0 76.0 intend
9364.0 15820.0 104.0 60.0 to
9512.0 15804.0 256.0 96.0 keep
9820.0 15804.0 68.0 76.0 it
9940.0 15828.0 108.0 52.0 as
10092.0 15828.0 52.0 56.0 a
10180.0 15808.0 352.0 76.0 saloon
10564.0 15804.0 364.0 80.0 should
10968.0 15804.0 124.0 80.0 be
11140.0 15808.0 276.0 100.0 kept.

8948.0 15904.0 216.0 76.0 The
9212.0 15924.0 228.0 76.0 very
9484.0 15904.0 244.0 76.0 beat
9776.0 15908.0 388.0 92.0 quality
10204.0 15908.0 116.0 76.0 of

11540.0 15904.0 244.0 136.0 bu:

11800.0 15952.0 528.0 104.0 miess.

8952.0 16216.0 608.0 184.0 Wines,
9648.0 16220.0 708.0 188.0 Liquors
10432.0 16224.0 328.0 136.0 and
10832.0 16220.0 580.0 184.0 Cigars
11464.0 16224.0 16.0 200.0 j

9344.0 16608.0 752.0 120.0 ALWAYS
10176.0 16612.0 240.0 116.0 ON
10492.0 16608.0 492.0 116.0 HAND

12488.0 15944.0 288.0 100.0 but
12908.0 15956.0 240.0 88.0 we
13300.0 15956.0 272.0 88.0 are

12476.0 16124.0 176.0 116.0 to
12784.0 16104.0 212.0 136.0 do
13152.0 16104.0 444.0 140.0 what

8028.0 17384.0 200.0 140.0 50
8288.0 17408.0 512.0 120.0 cents.

6352.0 17372.0 560.0 180.0 Single
6996.0 17376.0 516.0 140.0 ATeals

7332.0 17612.0 120.0 88.0 at
7504.0 17604.0 180.0 96.0 the

6424.0 17788.0 1172.0 204.0 Cosmopolitan
7724.0 17804.0 1020.0 160.0 Restaurant.

7320.0 18204.0 340.0 84.0 wn.
7728.0 18208.0 860.0 88.0 iioLLAxn.

1724.0 20152.0 776.0 108.0 BUSINESS
2584.0 20164.0 556.0 100.0 CARDS.

2128.0 20396.0 548.0 120.0 NEW

1172.0 20596.0 1040.0 152.0 PnOEXIX
2580.0 20612.0 924.0 140.0 BAKERY
3592.0 20620.0 32.0 132.0 !

1460.0 20864.0 140.0 84.0 J.
1664.0 20864.0 756.0 92.0 IIF.I.YS07.
2540.0 20872.0 828.0 104.0 Proprietor.

1184.0 21028.0 800.0 120.0 ""asliinirton
2032.0 21044.0 204.0 108.0 St.,
2268.0 21048.0 540.0 116.0 opposite
2852.0 21048.0 772.0 96.0 courthouse.

1172.0 21312.0 428.0 84.0 EIGHT
1648.0 21316.0 512.0 80.0 LOAVES
2220.0 21320.0 168.0 80.0 OP
2456.0 21324.0 448.0 80.0 BREAD
2964.0 21328.0 176.0 76.0 OR
3208.0 21328.0 416.0 80.0 EIGHT

1312.0 21448.0 456.0 84.0 BREAD
1824.0 21452.0 572.0 84.0 TICKETS
2460.0 21456.0 260.0 80.0 FOR
2780.0 21460.0 80.0 80.0 A
2928.0 21460.0 560.0 84.0 DOLLAR.

1180.0 21716.0 408.0 120.0 PIES
1668.0 21716.0 368.0 120.0 AND
2120.0 21720.0 548.0 120.0 CAKES
2756.0 21728.0 240.0 116.0 ON
3092.0 21728.0 528.0 120.0 HAND.

1188.0 21992.0 996.0 148.0 PIOXEEli
2560.0 22000.0 916.0 144.0 BAKERY
3580.0 22012.0 32.0 136.0 !

1652.0 22252.0 864.0 100.0 Washington
2576.0 22256.0 544.0 100.0 Street.

1380.0 22444.0 632.0 104.0 XoHhtnst
2092.0 22448.0 440.0 104.0 Corner
2576.0 22456.0 140.0 124.0 of
2792.0 22456.0 176.0 96.0 Ike
3028.0 22456.0 396.0 124.0 Plaza,

1172.0 22640.0 424.0 100.0 F.Isht
1660.0 22644.0 512.0 84.0 Loaves
2248.0 22652.0 156.0 80.0 or
2448.0 22648.0 436.0 88.0 Rread
2944.0 22656.0 220.0 80.0 Tor
3216.0 22656.0 372.0 84.0 Sl.OO

1268.0 22812.0 284.0 80.0 Frnit
1632.0 22816.0 328.0 80.0 Cakes
2004.0 22820.0 196.0 76.0 and
2252.0 22820.0 356.0 96.0 Patry
2680.0 22820.0 116.0 80.0 of
2836.0 22824.0 128.0 76.0 all
3048.0 22824.0 340.0 80.0 kinds,
3472.0 22828.0 144.0 80.0 for

1152.0 22916.0 476.0 104.0 wedding
1668.0 22920.0 416.0 100.0 partiea,
2124.0 22936.0 228.0 76.0 etc.,
2400.0 22924.0 480.0 100.0 prepared
2924.0 22940.0 108.0 64.0 to
3084.0 22928.0 312.0 76.0 order.

2476.0 23024.0 628.0 84.0 BAL'RLEX
3308.0 23028.0 196.0 80.0 CO.

1180.0 23284.0 180.0 128.0 To
1428.0 23288.0 824.0 148.0 Academies,
2348.0 23288.0 316.0 164.0 High
2744.0 23296.0 544.0 124.0 Schools
3356.0 23300.0 252.0 120.0 and

1760.0 23476.0 512.0 128.0 Private
2376.0 23484.0 668.0 132.0 Families.

6340.0 19464.0 332.0 184.0 The
6724.0 19464.0 452.0 84.0 Leading
7216.0 19464.0 300.0 80.0 Hotel
7596.0 19468.0 120.0 72.0 of
7764.0 19468.0 192.0 76.0 Snn
8012.0 19468.0 540.0 80.0 Francisco
8588.0 19472.0 196.0 80.0 and

6656.0 19560.0 168.0 76.0 the
6872.0 19576.0 264.0 60.0 most
7180.0 19564.0 504.0 92.0 eleirnntly
7728.0 19568.0 556.0 92.0 appointed
8356.0 19572.0 272.0 76.0 hotel
8680.0 19572.0 104.0 76.0 in

6336.0 19660.0 164.0 72.0 the
6540.0 19660.0 344.0 76.0 world,
6928.0 19684.0 240.0 52.0 over
7828.0 19668.0 376.0 88.0 having
8284.0 19668.0 252.0 76.0 been
8620.0 19692.0 120.0 52.0 ex

6336.0 19756.0 392.0 92.0 pended
6776.0 19756.0 124.0 92.0 by
6948.0 19756.0 180.0 76.0 Mr.
7200.0 19760.0 456.0 76.0 Baldwin
7736.0 19760.0 104.0 76.0 in
7892.0 19760.0 132.0 76.0 its
8084.0 19768.0 692.0 76.0 construction

6332.0 19852.0 200.0 76.0 and
6624.0 19856.0 388.0 76.0 furnish
7032.0 19856.0 196.0 84.0 ins.
7372.0 19856.0 744.0 100.0 Headquarters
8212.0 19884.0 280.0 52.0 armv
8584.0 19864.0 200.0 80.0 and

6336.0 19976.0 288.0 72.0 navy,
6740.0 19956.0 392.0 92.0 special
7180.0 19960.0 920.0 76.0 accommodations
8148.0 19960.0 152.0 76.0 for
8340.0 19964.0 440.0 76.0 families

6332.0 20048.0 196.0 76.0 and
6604.0 20052.0 276.0 80.0 larce
6960.0 20064.0 408.0 80.0 parties.
7492.0 20056.0 332.0 76.0 Prices
7896.0 20076.0 180.0 72.0 jne
8156.0 20080.0 276.0 52.0 same
8508.0 20084.0 108.0 52.0 as
8680.0 20076.0 100.0 64.0 at

6332.0 20148.0 292.0 68.0 other
6700.0 20148.0 468.0 68.0 lirs-clnss
7264.0 20152.0 328.0 64.0 hotla
8304.0 20176.0 176.0 40.0 m-r
8556.0 20160.0 188.0 56.0 ilai-

6340.0 20244.0 388.0 92.0 Special
6808.0 20256.0 512.0 68.0 contracts
7396.0 20248.0 204.0 76.0 will
7644.0 20248.0 124.0 76.0 be
7848.0 20252.0 288.0 76.0 made
8212.0 20252.0 148.0 76.0 for
8404.0 20276.0 376.0 56.0 nerma-
8832.0 20232.0 16.0 84.0 '

6336.0 20352.0 240.0 64.0 nent
6616.0 20340.0 512.0 80.0 hoarder.
7240.0 20348.0 212.0 72.0 The
7532.0 20348.0 268.0 76.0 hotel
7868.0 20352.0 420.0 76.0 coaches
8332.0 20356.0 196.0 76.0 and
8572.0 20376.0 172.0 56.0 car-

6332.0 20440.0 324.0 80.0 riages
6700.0 20444.0 104.0 76.0 in
6884.0 20444.0 424.0 92.0 waiting
7344.0 20456.0 96.0 64.0 at
7516.0 20448.0 124.0 76.0 all
7724.0 20448.0 292.0 76.0 boats
8096.0 20452.0 192.0 76.0 and
8372.0 20452.0 408.0 80.0 railway

6332.0 20536.0 392.0 96.0 depots.
6896.0 20540.0 376.0 80.0 Kooms
7364.0 20564.0 188.0 60.0 can
7648.0 20548.0 124.0 76.0 be
7868.0 20552.0 460.0 76.0 reserved
8440.0 20552.0 336.0 80.0 before

6332.0 20640.0 352.0 76.0 arrival
6732.0 20640.0 132.0 72.0 bv
6904.0 20644.0 704.0 92.0 telegraphing
7644.0 20648.0 176.0 72.0 the
7884.0 20648.0 488.0 80.0 Baldwin.

6728.0 20740.0 120.0 76.0 A.
6892.0 20736.0 684.0 100.0 MACAISEE,
7624.0 20744.0 492.0 80.0 Business
8160.0 20748.0 508.0 100.0 Manager.

6344.0 20976.0 924.0 232.0 Young
7592.0 20988.0 1172.0 188.0 America

6560.0 21364.0 440.0 164.0 Hois!
7092.0 21376.0 308.0 152.0 and
7492.0 21376.0 1020.0 192.0 Restaurant,

7904.0 21788.0 856.0 92.0 ARIZONA.

1264.0 23868.0 680.0 88.0 TLyoTithsof
2004.0 23872.0 248.0 76.0 both
2332.0 23896.0 316.0 56.0 fiCXCB.

2668.0 23776.0 716.0 80.0 EDrCATOR
3448.0 23780.0 168.0 76.0 OF
3664.0 23784.0 12.0 88.0 j

2656.0 23936.0 8.0 28.0 ,
2740.0 23880.0 448.0 96.0 recently
3228.0 23880.0 380.0 80.0 arrived

1588.0 23764.0 988.0 88.0 EXPERIENCED

1172.0 23960.0 104.0 72.0 in
1312.0 23960.0 204.0 76.0 this
1556.0 23972.0 312.0 80.0 town,
1904.0 23972.0 408.0 76.0 teaches

1160.0 24124.0 456.0 92.0 LATIN,
1676.0 24128.0 500.0 88.0 GREEK.
2296.0 24136.0 588.0 84.0 FRENCH.
3008.0 24144.0 588.0 80.0 SPANISH
3664.0 24160.0 12.0 76.0 !

1276.0 24292.0 224.0 76.0 And
1604.0 24292.0 272.0 104.0 High
1940.0 24296.0 360.0 80.0 School
2364.0 24320.0 360.0 64.0 course
2784.0 24304.0 116.0 80.0 of
2948.0 24308.0 172.0 76.0 the
3180.0 24308.0 428.0 104.0 English

1912.0 24488.0 380.0 88.0 PROF.
2356.0 24496.0 112.0 80.0 P.
2532.0 24500.0 124.0 76.0 G.
2716.0 24496.0 472.0 88.0 JOYCE.
3664.0 24464.0 16.0 112.0 !

1224.0 24584.0 184.0 76.0 1-'f
2680.0 24596.0 496.0 88.0 Piicenlx,
3224.0 24600.0 104.0 80.0 P.
3376.0 24600.0 116.0 76.0 O.
3664.0 24632.0 16.0 124.0 j

1968.0 24848.0 320.0 124.0 For
2364.0 24852.0 468.0 128.0 Sale.
3664.0 24832.0 16.0 176.0 j

3664.0 25024.0 16.0 48.0 i

1164.0 25120.0 544.0 136.0 ptMM
1768.0 25128.0 148.0 80.0 T"
2004.0 25132.0 480.0 80.0 SECTro
2668.0 25144.0 112.0 76.0 O.
2892.0 25144.0 716.0 88.0 TOWNSHIK

1200.0 25312.0 28.0 12.0 .
1320.0 25240.0 40.0 48.0 '
1392.0 25228.0 12.0 64.0 I
1460.0 25224.0 360.0 80.0 North.
1888.0 25228.0 344.0 80.0 Rin-"
2296.0 25240.0 36.0 68.0 1
2400.0 25236.0 272.0 88.0 Fast,
2748.0 25244.0 304.0 76.0 tnk'n
3100.0 25264.0 108.0 60.0 nt
3296.0 25252.0 316.0 72.0 nndrr
3664.0 25248.0 16.0 80.0 !

1148.0 25312.0 180.0 80.0 the
1384.0 25312.0 344.0 84.0 De.ert
1776.0 25324.0 212.0 80.0 Act.
2112.0 25332.0 80.0 80.0 S
2232.0 25332.0 260.0 80.0 W.
2596.0 25336.0 408.0 96.0 '-.Trire
3196.0 25344.0 236.0 76.0 Goo.
3488.0 25344.0 60.0 80.0 I
3664.0 25340.0 12.0 32.0 '

3768.0 18952.0 1520.0 248.0 LUMB
5440.0 18952.0 768.0 304.0 EE,

3988.0 19492.0 792.0 184.0 Shingles,
4856.0 19488.0 548.0 180.0 Doors,
5488.0 19488.0 472.0 172.0 Sash,

3768.0 19752.0 576.0 120.0 LATHS,
4492.0 19752.0 392.0 108.0 Err.,
5036.0 19752.0 220.0 96.0 AT
5424.0 19748.0 796.0 104.0 BEDROCK

4664.0 19880.0 656.0 104.0 PRICES.

3780.0 20076.0 536.0 96.0 Itnrley.
4360.0 20076.0 460.0 84.0 Flonr.
4864.0 20076.0 348.0 80.0 Corn
5292.0 20076.0 260.0 80.0 and
5608.0 20072.0 604.0 84.0 Proilnee

4112.0 20208.0 348.0 80.0 Taken
4504.0 20208.0 108.0 80.0 in
4652.0 20208.0 512.0 88.0 eichansc
5208.0 20208.0 148.0 76.0 for
5400.0 20208.0 460.0 76.0 Lumber.

4964.0 20340.0 448.0 84.0 CLARK
5616.0 20336.0 496.0 80.0 ADAMS.

3864.0 20544.0 260.0 80.0 Geo.
4176.0 20540.0 116.0 80.0 E.
4352.0 20540.0 440.0 80.0 Lonrxc
4856.0 20544.0 368.0 92.0 Ajrent.
5276.0 20540.0 460.0 84.0 Pho?nii,
5784.0 20540.0 116.0 80.0 A.
5944.0 20540.0 112.0 76.0 T.

3880.0 20964.0 636.0 192.0 JOE
4616.0 20964.0 1492.0 224.0 FOIlEIM,

4276.0 21460.0 424.0 128.0 THE
4860.0 21460.0 824.0 132.0 TAILOR.

3732.0 21876.0 160.0 84.0 203
3952.0 21880.0 700.0 100.0 Montgomery
4696.0 21884.0 332.0 76.0 Street
5080.0 21880.0 196.0 80.0 and
5324.0 21880.0 156.0 76.0 10:5
5520.0 21880.0 304.0 80.0 Third
5872.0 21884.0 328.0 84.0 Street

5416.0 22052.0 348.0 88.0 Makes
5812.0 22060.0 164.0 80.0 the

5188.0 22252.0 376.0 156.0 Best
5644.0 22260.0 564.0 196.0 Fitting

5212.0 22544.0 972.0 144.0 CLOTHES

5360.0 22776.0 120.0 80.0 In
5528.0 22784.0 168.0 76.0 the
5740.0 22788.0 260.0 100.0 City.

5280.0 23044.0 184.0 80.0 His
5620.0 23056.0 320.0 96.0 prices
6108.0 23064.0 100.0 76.0 in

5172.0 23140.0 376.0 88.0 French
5628.0 23156.0 284.0 80.0 Good
6048.0 23184.0 164.0 56.0 are

5172.0 23240.0 304.0 80.0 lower
5620.0 23256.0 236.0 76.0 thuu
6020.0 23284.0 192.0 52.0 anv

5240.0 23340.0 220.0 80.0 ther
5696.0 23348.0 512.0 84.0 Merchant

5252.0 23440.0 252.0 76.0 nilor
5644.0 23448.0 156.0 76.0 for
5936.0 23460.0 272.0 72.0 cash,

5268.0 23548.0 288.0 72.0 onest
5748.0 23548.0 456.0 92.0 Denlini:,

5256.0 23652.0 316.0 84.0 rompt
5636.0 23644.0 568.0 96.0 Attention,

5260.0 23736.0 144.0 80.0 iih
5448.0 23764.0 52.0 52.0 a
5588.0 23740.0 376.0 84.0 Perfect
6012.0 23752.0 192.0 88.0 Fit,

5264.0 23836.0 88.0 76.0 h!
5400.0 23840.0 188.0 76.0 line
5660.0 23848.0 504.0 76.0 workman-

5252.0 23932.0 140.0 96.0 lip
5540.0 23940.0 660.0 96.0 'guaranteed,

5216.0 24032.0 300.0 96.0 ro.hie
5576.0 24052.0 464.0 68.0 mottoce.

4416.0 24216.0 356.0 80.0 riees
4896.0 24220.0 720.0 80.0 American
5684.0 24220.0 512.0 88.0 Goods:

3732.0 24344.0 396.0 116.0 I'ants,
4188.0 24348.0 292.0 92.0 from
5904.0 24360.0 68.0 92.0 5
6056.0 24364.0 136.0 88.0 00

3760.0 24472.0 296.0 72.0 snitc
4148.0 24480.0 292.0 64.0 trrini
5832.0 24484.0 140.0 60.0 Oi"i
6048.0 24488.0 144.0 56.0 OO

3748.0 24604.0 508.0 80.0 Dookin
4320.0 24604.0 276.0 80.0 Pnl
4748.0 24608.0 292.0 76.0 fr-,"i
5900.0 24616.0 68.0 68.0 t
6044.0 24620.0 144.0 64.0 on
6312.0 24552.0 332.0 100.0 'T'he
6684.0 24556.0 348.0 96.0 p'iblic
7072.0 24576.0 164.0 56.0 are
7300.0 24564.0 648.0 92.0 re-pec'fnllT
7992.0 24564.0 492.0 88.0 inf-.rmed
8528.0 24572.0 224.0 80.0 that

3740.0 24628.0 520.0 72.0 UoesKin
4320.0 24628.0 44.0 76.0 I
4412.0 24628.0 296.0 92.0 ants,
4748.0 24628.0 292.0 76.0 from
5900.0 24640.0 68.0 68.0 V
6040.0 24628.0 148.0 84.0 Ml
6356.0 24628.0 92.0 112.0 1
6628.0 24652.0 44.0 80.0 I
6716.0 24656.0 248.0 76.0 have
7008.0 24660.0 356.0 76.0 moved
7440.0 24680.0 168.0 56.0 mv
7680.0 24664.0 360.0 76.0 barber
8112.0 24668.0 256.0 92.0 shop
8432.0 24684.0 104.0 64.0 to
8576.0 24672.0 172.0 76.0 the

3732.0 24736.0 672.0 100.0 Overt-oats,
4480.0 24736.0 304.0 92.0 from
5840.0 24744.0 132.0 92.0 15
6048.0 24748.0 140.0 88.0 00
6300.0 24748.0 468.0 88.0 bnild'n?
6840.0 24772.0 128.0 56.0 on
7016.0 24740.0 668.0 100.0 WashinKtbn
7732.0 24768.0 308.0 68.0 street
8116.0 24764.0 308.0 80.0 latelv
8464.0 24788.0 284.0 56.0 ocrn-

3728.0 24856.0 276.0 96.0 Vesi
4236.0 24860.0 296.0 92.0 from
5904.0 24868.0 68.0 96.0 3
6044.0 24872.0 144.0 92.0 00
6304.0 24844.0 236.0 80.0 p,e'1
6756.0 24848.0 168.0 76.0 tbe
7028.0 24848.0 220.0 92.0 1rn"
7384.0 24864.0 208.0 64.0 '"re
7632.0 24856.0 120.0 72.0 of
7800.0 24856.0 160.0 76.0 Dr.
8012.0 24844.0 472.0 96.0 Convefs.
8548.0 24864.0 196.0 76.0 and

6236.0 24956.0 12.0 60.0 I
6300.0 24940.0 216.0 76.0 that
6572.0 24940.0 36.0 76.0 I
6660.0 24940.0 248.0 80.0 have
6948.0 24944.0 216.0 76.0 also
7204.0 24948.0 392.0 76.0 orcn-d
7640.0 24968.0 56.0 56.0 a
7748.0 24952.0 520.0 80.0 firt-class
8312.0 24956.0 436.0 104.0 bathing

3836.0 25048.0 196.0 76.0 No.
4072.0 25048.0 164.0 80.0 203
4292.0 25048.0 692.0 88.0 Motitromerv
5028.0 25060.0 344.0 76.0 it-reot.
5416.0 25056.0 328.0 80.0 fRnth
5792.0 25056.0 388.0 80.0 E'c-k'.
6232.0 25028.0 16.0 108.0 !
6300.0 25036.0 812.0 80.0 cftablishment.

3732.0 25144.0 196.0 80.0 and
3976.0 25148.0 152.0 84.0 103
4168.0 25148.0 112.0 80.0 n
4316.0 25168.0 64.0 60.0 i
4412.0 25148.0 64.0 80.0 d
4516.0 25164.0 348.0 72.0 street,
4904.0 25156.0 196.0 72.0 ban
5148.0 25152.0 564.0 80.0 Francisc-'.

3744.0 22368.0 1376.0 1376.0 Ai

6336.0 18464.0 576.0 376.0 THE
7296.0 18472.0 1488.0 384.0 BALDWIN.

8868.0 17020.0 16.0 48.0 i
8936.0 16976.0 200.0 80.0 and
9208.0 16980.0 220.0 76.0 sId
9504.0 16988.0 104.0 68.0 at
9688.0 16980.0 332.0 96.0 prices
10116.0 16984.0 108.0 72.0 to
10308.0 16976.0 208.0 76.0 suit
10592.0 16980.0 172.0 72.0 the
10860.0 16980.0 340.0 72.0 times.
11316.0 16980.0 84.0 72.0 A

8940.0 17076.0 656.0 100.0 handsomely
9680.0 17076.0 528.0 76.0 furnished
10284.0 17076.0 236.0 76.0 club
10604.0 17100.0 276.0 52.0 room
10928.0 17076.0 480.0 80.0 attached

8872.0 17172.0 12.0 36.0 1
8936.0 17180.0 148.0 76.0 for
9120.0 17184.0 168.0 76.0 the
9336.0 17200.0 176.0 60.0 uso
9556.0 17176.0 116.0 80.0 of
9724.0 17200.0 188.0 56.0 our
9960.0 17200.0 56.0 60.0 n
10052.0 17192.0 352.0 64.0 itrous..

9716.0 17280.0 628.0 80.0 BKOUX
10452.0 17280.0 76.0 80.0 I
10596.0 17280.0 428.0 80.0 DAM
11056.0 17280.0 92.0 76.0 K
11168.0 17280.0 132.0 80.0 L.

9152.0 17520.0 936.0 236.0 Dudley
10344.0 17516.0 936.0 228.0 House,

9424.0 17920.0 376.0 96.0 Uurley
9860.0 17920.0 188.0 88.0 St.,
10096.0 17916.0 496.0 88.0 Prescott,
10636.0 17916.0 124.0 80.0 A.
10800.0 17916.0 112.0 80.0 T.

8920.0 18240.0 124.0 108.0 A
9308.0 18232.0 532.0 116.0 FIEST
9896.0 18300.0 44.0 20.0 -
10004.0 18228.0 532.0 116.0 CLASS
10796.0 18228.0 600.0 116.0 HOUSE

8856.0 18552.0 8.0 184.0 J
9428.0 18616.0 148.0 76.0 Ou
9624.0 18616.0 168.0 76.0 the
9840.0 18616.0 532.0 100.0 European
10416.0 18612.0 276.0 80.0 Plan.

8912.0 18940.0 400.0 136.0 Xew
9464.0 18944.0 324.0 136.0 and
9920.0 18940.0 504.0 144.0 Clean
10552.0 18940.0 420.0 140.0 Beds
11100.0 18948.0 260.0 132.0 for

9132.0 19136.0 800.0 180.0 Lodgers,
10016.0 19140.0 320.0 136.0 and
10448.0 19140.0 708.0 176.0 Elegant

9248.0 19332.0 616.0 144.0 Rooms
9952.0 19340.0 256.0 136.0 for
10284.0 19336.0 752.0 144.0 families.

9656.0 19732.0 368.0 76.0 FRED
10100.0 19732.0 720.0 92.0 WILLIAMS,
10884.0 19732.0 380.0 100.0 Prop'r.

8916.0 20024.0 300.0 184.0 T.
9360.0 20024.0 248.0 188.0 J.
9800.0 20028.0 1556.0 224.0 fUlORCARS,

11532.0 16104.0 820.0 136.0 termined

11532.0 16348.0 352.0 88.0 can.

11748.0 16492.0 340.0 148.0 Our
12276.0 16496.0 728.0 144.0 Lumber
13148.0 16496.0 452.0 144.0 Yard

11528.0 16748.0 364.0 88.0 now
11968.0 16696.0 308.0 140.0 full
12392.0 16696.0 320.0 140.0 and
12828.0 16696.0 556.0 148.0 nearly

11524.0 16892.0 496.0 184.0 plete.

13700.0 15908.0 192.0 140.0 de

13728.0 16156.0 236.0 88.0 we

9164.0 20428.0 372.0 100.0 Gurley
9576.0 20436.0 348.0 84.0 street,
9968.0 20452.0 196.0 56.0 one
10220.0 20428.0 244.0 80.0 door
10504.0 20432.0 220.0 72.0 east
10772.0 20424.0 108.0 80.0 P.
10928.0 20424.0 144.0 96.0 O.,

6640.0 22088.0 392.0 100.0 Board
7088.0 22092.0 152.0 132.0 by
7296.0 22096.0 196.0 100.0 the
7544.0 22092.0 268.0 132.0 Day
7860.0 22128.0 136.0 68.0 or
8040.0 22096.0 408.0 108.0 Week.

6436.0 22424.0 352.0 80.0 Oillctt
6836.0 22428.0 88.0 76.0 is
7004.0 22428.0 172.0 76.0 the
7252.0 22432.0 436.0 76.0 location
7736.0 22436.0 116.0 76.0 of
7896.0 22440.0 172.0 76.0 the
8140.0 22440.0 216.0 80.0 mill
8436.0 22444.0 116.0 76.0 of
8596.0 22448.0 168.0 76.0 the

6328.0 22524.0 376.0 96.0 Tiptop
6756.0 22524.0 388.0 88.0 Minine
7188.0 22532.0 548.0 96.0 Company.
7864.0 22536.0 424.0 80.0 Persons
8348.0 22540.0 424.0 92.0 visiting

6332.0 22624.0 208.0 76.0 this
6580.0 22624.0 200.0 76.0 live
6860.0 22628.0 392.0 96.0 minius
7320.0 22652.0 292.0 76.0 camp
7660.0 22632.0 192.0 80.0 will
7940.0 22636.0 196.0 80.0 And
8176.0 22644.0 172.0 76.0 the
8408.0 22640.0 364.0 108.0 Young

6336.0 22724.0 452.0 80.0 America
6836.0 22724.0 292.0 84.0 Hotel
7176.0 22728.0 196.0 80.0 and
7428.0 22732.0 592.0 84.0 Restaurant
8068.0 22740.0 172.0 76.0 the
8280.0 22744.0 480.0 96.0 cheapest

6328.0 22824.0 196.0 76.0 and
6576.0 22824.0 212.0 80.0 best
6836.0 22828.0 280.0 96.0 place
7160.0 22840.0 108.0 68.0 to
7336.0 22848.0 180.0 80.0 put
7560.0 22856.0 132.0 76.0 up
7736.0 22852.0 136.0 60.0 at.
7984.0 22840.0 348.0 80.0 Terms
8372.0 22868.0 352.0 56.0 reason-

6332.0 22924.0 256.0 80.0 able.
6768.0 23024.0 420.0 84.0 INGLE
7248.0 23032.0 84.0 76.0 &
7396.0 23032.0 772.0 96.0 ANDERSON,
8220.0 23044.0 436.0 96.0 Piopr's.

6700.0 23524.0 1680.0 248.0 Washington

8904.0 20740.0 692.0 96.0 Prescott,

10772.0 20736.0 592.0 92.0 Arizona

9856.0 21072.0 372.0 80.0 Dealer
10276.0 21068.0 104.0 80.0 in

8892.0 21372.0 728.0 136.0 Diamond?,
9736.0 21368.0 640.0 136.0 Watches,
10496.0 21364.0 496.0 136.0 Clock?,
11048.0 21368.0 264.0 112.0 Jew

9056.0 21536.0 248.0 132.0 elry
9348.0 21536.0 240.0 112.0 and
9668.0 21532.0 744.0 136.0 Silverware,
10460.0 21528.0 724.0 140.0 Spectacles,

9176.0 21692.0 316.0 116.0 Gold
9552.0 21692.0 320.0 112.0 Pens
9928.0 21692.0 248.0 112.0 and
10244.0 21688.0 512.0 136.0 Pencils,
10812.0 21704.0 224.0 96.0 etc.

8988.0 22052.0 708.0 80.0 Watchmaker
9720.0 22048.0 196.0 84.0 and
9948.0 22044.0 808.0 92.0 Manufacturine
10808.0 22044.0 532.0 84.0 Jewelers.

8888.0 22156.0 160.0 76.0 All
9100.0 22156.0 300.0 76.0 kinds
9476.0 22156.0 116.0 76.0 of
9628.0 22152.0 412.0 100.0 jewelry
10120.0 22148.0 200.0 80.0 mid
10400.0 22148.0 568.0 80.0 silverware
11052.0 22148.0 284.0 80.0 made

8884.0 22256.0 248.0 76.0 from
9184.0 22256.0 340.0 72.0 native
9576.0 22252.0 224.0 80.0 L'old
9844.0 22232.0 196.0 96.0 anil
10100.0 22252.0 340.0 76.0 silver.
10560.0 22248.0 636.0 80.0 Enirravinrs
11240.0 22248.0 108.0 80.0 of

8884.0 22376.0 288.0 68.0 every
9216.0 22348.0 656.0 100.0 description.
9992.0 22348.0 224.0 76.0 Seal
10288.0 22368.0 400.0 76.0 presses
10728.0 22344.0 200.0 80.0 and
10972.0 22344.0 360.0 80.0 ribbon

8884.0 22464.0 424.0 80.0 stamps.

9448.0 22648.0 1752.0 368.0 uilders'

9184.0 23112.0 1848.0 192.0 MATERIAL.

8976.0 23492.0 208.0 76.0 The
9228.0 23488.0 676.0 84.0 nndersitrned
9956.0 23488.0 180.0 76.0 has
10200.0 23488.0 212.0 92.0 just
10464.0 23484.0 452.0 84.0 received
10956.0 23508.0 60.0 56.0 a
11056.0 23488.0 268.0 100.0 large

8876.0 23588.0 196.0 80.0 acd
9116.0 23588.0 500.0 100.0 complete
9660.0 23600.0 620.0 68.0 assortment
10320.0 23584.0 116.0 80.0 of

11520.0 17516.0 1000.0 176.0 Provisions,

11736.0 17712.0 912.0 180.0 Groceries,

11940.0 17912.0 344.0 188.0 Dry
12368.0 17912.0 604.0 180.0 Goods,

12236.0 18112.0 836.0 180.0 Clothing,

12368.0 18304.0 508.0 148.0 Boots
12956.0 18312.0 324.0 140.0 and
13368.0 18308.0 560.0 188.0 Shoes,

11512.0 18512.0 596.0 184.0 Fruits,

11720.0 18716.0 640.0 188.0 lloney.

11936.0 18920.0 744.0 140.0 Summer
12764.0 18916.0 460.0 180.0 Hats,

12140.0 19116.0 576.0 140.0 Ranch
12800.0 19116.0 628.0 172.0 Butter,

12780.0 19312.0 928.0 164.0 Hardware,

13144.0 19516.0 776.0 176.0 Tinware,

11496.0 19712.0 616.0 156.0 Paints,

11712.0 19908.0 400.0 152.0 Oils.

11920.0 20104.0 520.0 172.0 Glass,

12128.0 20300.0 560.0 184.0 Putty,

12468.0 20500.0 836.0 188.0 Crockery
13380.0 20496.0 524.0 184.0 Ware,

11484.0 20704.0 384.0 140.0 Iron
11948.0 20700.0 316.0 140.0 and
12352.0 20700.0 492.0 176.0 Steel,

12332.0 20904.0 644.0 188.0 Lamps,

12760.0 21104.0 736.0 152.0 Powder,

13432.0 21296.0 468.0 144.0 Fuse.

12616.0 21488.0 224.0 144.0 &c

11476.0 21492.0 224.0 144.0 &c
11772.0 21604.0 36.0 44.0 ,
12044.0 21488.0 276.0 144.0 &c.

13116.0 21488.0 336.0 160.0 &c,
13620.0 21492.0 224.0 144.0 &c

8872.0 23884.0 616.0 96.0 DOORS,

6408.0 25132.0 144.0 84.0 By
6592.0 25140.0 288.0 72.0 strict
6960.0 25140.0 500.0 76.0 attention
7508.0 25152.0 108.0 64.0 to
7692.0 25140.0 472.0 76.0 business
8232.0 25148.0 48.0 64.0 T
8320.0 25148.0 268.0 68.0 bone
8632.0 25160.0 108.0 56.0 tn

6336.0 25244.0 388.0 64.0 rtrrant
6768.0 25252.0 60.0 60.0 a
6864.0 25232.0 184.0 80.0 fair
7092.0 25236.0 292.0 80.0 share
7428.0 25240.0 108.0 76.0 of
7580.0 25260.0 252.0 68.0 yonr
7868.0 25256.0 580.0 68.0 ratrotiasre.

6420.0 25420.0 232.0 80.0 Late
6708.0 25420.0 96.0 80.0 rf
6864.0 25416.0 200.0 92.0 ."n
7112.0 25424.0 460.0 84.0 Frasclrc
7596.0 25452.0 76.0 56.0 j.
8608.0 25404.0 16.0 16.0 '

9512.0 24016.0 496.0 92.0 SASH.

9940.0 24148.0 680.0 88.0 BLINDS,
10676.0 24148.0 264.0 88.0 and

10428.0 24280.0 888.0 88.0 W1XBOWS

8864.0 24580.0 352.0 84.0 Which
9264.0 24604.0 164.0 60.0 are
9504.0 24584.0 112.0 80.0 of
9660.0 24608.0 60.0 56.0 a
9760.0 24584.0 332.0 84.0 better
10180.0 24584.0 392.0 100.0 quality
10624.0 24584.0 204.0 80.0 and
10900.0 24588.0 208.0 80.0 wi!l
11184.0 24588.0 128.0 80.0 be

8864.0 24684.0 224.0 80.0 sold
9124.0 24684.0 432.0 96.0 cheaper
9600.0 24684.0 244.0 80.0 than
9888.0 24700.0 100.0 64.0 at
10036.0 24684.0 172.0 80.0 the

9124.0 24976.0 348.0 88.0 Saab
9532.0 24980.0 572.0 108.0 Fastwy
10168.0 24980.0 140.0 84.0 in
10372.0 24980.0 676.0 88.0 Prsocctt.

8960.0 25280.0 160.0 76.0 AH
9172.0 25280.0 336.0 80.0 crdarp
9548.0 25284.0 516.0 92.0 prorrtly
10104.0 25284.0 472.0 80.0 sttezidad
10632.0 25292.0 136.0 72.0 to.

8860.0 25392.0 40.0 60.0 t
8916.0 25392.0 252.0 60.0 -res'

8868.0 25476.0 296.0 72.0 CllCtr.

10924.0 25288.0 372.0 76.0 Ada:-?

9824.0 25472.0 132.0 84.0 L.
10016.0 25472.0 156.0 88.0 E.
10240.0 25472.0 908.0 88.0 COFELASB

11752.0 22152.0 832.0 376.0 Irvine
12752.0 22152.0 256.0 368.0 &
13168.0 22152.0 432.0 368.0 Co.

11452.0 22948.0 460.0 148.0 Keep
12032.0 22992.0 208.0 96.0 on
12324.0 22940.0 280.0 148.0 the
12684.0 22940.0 456.0 144.0 West
13296.0 22940.0 340.0 140.0 side
13720.0 22940.0 184.0 140.0 of

11448.0 23152.0 276.0 136.0 the
11812.0 23148.0 524.0 140.0 Plaza.
12568.0 23144.0 980.0 140.0 Remember
13600.0 23140.0 280.0 140.0 the

11448.0 23352.0 352.0 180.0 sign
11868.0 23396.0 392.0 88.0 over
12336.0 23344.0 284.0 140.0 the
12708.0 23344.0 448.0 176.0 do.r,

11456.0 23976.0 224.0 368.0 E.
11856.0 23968.0 1000.0 368.0 IRVINE
12984.0 23968.0 256.0 368.0 &
13400.0 23968.0 456.0 368.0 CO.

11432.0 24792.0 984.0 232.0 Variety
12548.0 24792.0 724.0 184.0 Store

14420.0 6552.0 276.0 84.0 From
14740.0 6560.0 156.0 76.0 the
14940.0 6560.0 364.0 88.0 MioiDir
15376.0 6556.0 188.0 84.0 and
15604.0 6556.0 464.0 84.0 SeieutiHc
16120.0 6556.0 304.0 84.0 Press.

14352.0 6692.0 396.0 104.0 Below
14808.0 6724.0 172.0 72.0 we
15076.0 6700.0 268.0 116.0 give
15448.0 6700.0 192.0 96.0 the
15728.0 6696.0 692.0 100.0 conclusion
16524.0 6696.0 132.0 100.0 of

14208.0 6860.0 196.0 92.0 the
14460.0 6856.0 412.0 96.0 nrticle
14968.0 6888.0 148.0 64.0 ou
15220.0 6860.0 480.0 108.0 Sonora,
15804.0 6860.0 632.0 108.0 published
16500.0 6864.0 120.0 92.0 in

14204.0 7016.0 240.0 96.0 this
14504.0 7044.0 360.0 96.0 paper
14900.0 7044.0 156.0 68.0 on
15112.0 7012.0 580.0 132.0 Saturday
15748.0 7016.0 280.0 96.0 last:

14340.0 7184.0 448.0 96.0 tfonora
14836.0 7212.0 584.0 96.0 possesses
15472.0 7212.0 68.0 68.0 a
15580.0 7196.0 248.0 84.0 vast
15880.0 7176.0 272.0 104.0 field
16208.0 7180.0 136.0 100.0 of
16448.0 7212.0 144.0 68.0 an-

14200.0 7344.0 496.0 96.0 thracite
14752.0 7344.0 260.0 96.0 coal
15092.0 7352.0 196.0 88.0 the
15380.0 7344.0 284.0 128.0 only
15716.0 7348.0 652.0 92.0 anthracite
16436.0 7372.0 48.0 100.0 j
16520.0 7364.0 112.0 80.0 et

14196.0 7472.0 676.0 96.0 discovered
14932.0 7504.0 144.0 64.0 on
15180.0 7480.0 200.0 88.0 the
15480.0 7472.0 440.0 100.0 Pacific
15976.0 7476.0 380.0 96.0 Coast.
16512.0 7472.0 112.0 100.0 It

14204.0 7600.0 96.0 96.0 is
14348.0 7600.0 260.0 100.0 said
14664.0 7620.0 120.0 80.0 to
14844.0 7604.0 428.0 124.0 belong
15320.0 7620.0 116.0 80.0 to
15492.0 7632.0 68.0 68.0 a
15612.0 7632.0 272.0 96.0 very
15936.0 7604.0 200.0 96.0 old
16240.0 7604.0 336.0 104.0 eeolo-

14196.0 7732.0 316.0 124.0 gical
14568.0 7732.0 668.0 120.0 formation,
15292.0 7736.0 572.0 124.0 probably
15920.0 7736.0 520.0 96.0 Silurian
16492.0 7760.0 136.0 72.0 or

14204.0 7880.0 648.0 76.0 Lvoman.
15020.0 7880.0 48.0 80.0 I
15108.0 7892.0 140.0 68.0 ue
15300.0 7880.0 280.0 84.0 only
15628.0 7888.0 492.0 96.0 outcrop
16220.0 7880.0 396.0 80.0 which

14196.0 7988.0 96.0 100.0 is
14348.0 8008.0 116.0 80.0 at
14516.0 8004.0 460.0 100.0 present
15028.0 7988.0 476.0 104.0 worked
15608.0 7992.0 216.0 96.0 lies
15948.0 7988.0 204.0 100.0 120
16276.0 7992.0 344.0 96.0 miles

14188.0 8128.0 588.0 96.0 northeast
14828.0 8124.0 136.0 96.0 of
15000.0 8120.0 632.0 132.0 Guaymiis,
15692.0 8120.0 224.0 104.0 nnd
15996.0 8156.0 68.0 68.0 a
16176.0 8120.0 440.0 104.0 branch

14188.0 8256.0 240.0 100.0 line
14484.0 8256.0 128.0 96.0 of
14656.0 8264.0 196.0 92.0 the
14908.0 8256.0 444.0 100.0 Sonora
15400.0 8260.0 492.0 124.0 railway
15952.0 8260.0 96.0 96.0 is
16100.0 8276.0 460.0 80.0 contem-

14188.0 8384.0 392.0 116.0 plated
14636.0 8400.0 112.0 76.0 to
14800.0 8384.0 492.0 120.0 develop
15348.0 8388.0 120.0 92.0 it.
15648.0 8384.0 220.0 96.0 The
15920.0 8388.0 320.0 92.0 mine
16352.0 8388.0 100.0 92.0 is
16548.0 8416.0 68.0 64.0 a

14192.0 8524.0 212.0 80.0 tew
14464.0 8508.0 344.0 96.0 miles
14856.0 8512.0 356.0 92.0 north
15332.0 8512.0 136.0 92.0 of
15572.0 8512.0 200.0 92.0 the
15900.0 8508.0 716.0 124.0 flourishing

14188.0 8640.0 464.0 128.0 milling
14704.0 8656.0 372.0 80.0 towns
15124.0 8640.0 140.0 96.0 of
15372.0 8636.0 168.0 104.0 La
15668.0 8636.0 584.0 100.0 Barranca
16376.0 8640.0 232.0 96.0 and

14188.0 8768.0 224.0 104.0 Los
14468.0 8772.0 544.0 124.0 Brouces,
15088.0 8772.0 292.0 104.0 each
15480.0 8776.0 708.0 128.0 supporting
16284.0 8800.0 324.0 76.0 some

14176.0 8912.0 316.0 104.0 2,000
14552.0 8908.0 760.0 96.0 inhabitants.
15452.0 8904.0 252.0 100.0 The
15756.0 8908.0 256.0 96.0 coal
16052.0 8912.0 212.0 92.0 has
16320.0 8912.0 280.0 92.0 been

14180.0 9036.0 280.0 92.0 used
14520.0 9040.0 180.0 92.0 for
14752.0 9052.0 228.0 80.0 two
15024.0 9064.0 344.0 96.0 yenis
15420.0 9036.0 180.0 92.0 for
15648.0 9052.0 368.0 80.0 steam
16128.0 9064.0 440.0 92.0 purpos-

14172.0 9192.0 124.0 68.0 es
14352.0 9176.0 116.0 80.0 at
14528.0 9168.0 192.0 92.0 the
14772.0 9160.0 592.0 100.0 Barranca
15412.0 9180.0 412.0 104.0 quartz
15908.0 9164.0 300.0 96.0 mill.
16352.0 9164.0 252.0 96.0 The

14172.0 9292.0 552.0 128.0 enginter
14772.0 9292.0 120.0 100.0 in
14948.0 9296.0 432.0 124.0 charge
15436.0 9296.0 132.0 92.0 of
15632.0 9296.0 196.0 92.0 the
15904.0 9296.0 304.0 116.0 mill,
16332.0 9300.0 272.0 88.0 who

14172.0 9424.0 212.0 96.0 has
14428.0 9420.0 240.0 96.0 had
14724.0 9448.0 64.0 68.0 a
14844.0 9424.0 284.0 128.0 long
15176.0 9424.0 684.0 120.0 experience
15912.0 9452.0 144.0 68.0 on
16116.0 9428.0 196.0 92.0 the
16412.0 9428.0 152.0 92.0 At-

14172.0 9552.0 360.0 100.0 lantic
14580.0 9568.0 588.0 104.0 steamers,
15220.0 9560.0 388.0 92.0 where
15684.0 9556.0 148.0 96.0 he
15888.0 9552.0 276.0 100.0 used
16228.0 9552.0 320.0 100.0 Penn

14164.0 9688.0 544.0 112.0 sylvania
14828.0 9688.0 684.0 116.0 anthracite,
15784.0 9688.0 512.0 96.0 believes
16496.0 9688.0 88.0 96.0 it

14164.0 9816.0 536.0 112.0 superior
14780.0 9828.0 120.0 80.0 to
15020.0 9820.0 196.0 92.0 the
15340.0 9816.0 368.0 112.0 latter,
15836.0 9820.0 196.0 92.0 the
16152.0 9816.0 448.0 96.0 Sonora

14160.0 9952.0 256.0 88.0 ccal
14468.0 9944.0 700.0 124.0 containing
15224.0 9940.0 224.0 100.0 less
15500.0 9944.0 212.0 96.0 ash
15788.0 9940.0 228.0 96.0 and
16124.0 9944.0 476.0 124.0 leaving

14164.0 10104.0 148.0 68.0 no
14364.0 10088.0 524.0 88.0 cunkers
14936.0 10104.0 152.0 68.0 on
15168.0 10088.0 196.0 88.0 the
15488.0 10092.0 356.0 88.0 urate,
15992.0 10088.0 112.0 84.0 it
16236.0 10088.0 360.0 88.0 burns

14164.0 10208.0 276.0 100.0 with
14500.0 10212.0 196.0 96.0 the
14744.0 10212.0 356.0 120.0 short,
15160.0 10208.0 272.0 100.0 blue
15488.0 10208.0 344.0 100.0 flame
15884.0 10208.0 136.0 100.0 of
16100.0 10212.0 428.0 96.0 carbon-

14160.0 10344.0 104.0 96.0 ic
14316.0 10344.0 388.0 108.0 oxide,
14784.0 10344.0 392.0 92.0 which
15264.0 10344.0 96.0 92.0 is
15456.0 10340.0 880.0 96.0 characteristic
16460.0 10344.0 136.0 92.0 of

14156.0 10468.0 156.0 92.0 all
14376.0 10472.0 652.0 92.0 anthracite
15080.0 10472.0 300.0 92.0 coal.
15520.0 10468.0 380.0 92.0 There
15984.0 10496.0 192.0 64.0 are
16268.0 10472.0 320.0 92.0 three

14160.0 10592.0 324.0 92.0 veins
14540.0 10592.0 132.0 88.0 of
14712.0 10596.0 192.0 88.0 the
14956.0 10592.0 300.0 104.0 coal,
15376.0 10616.0 224.0 68.0 one
15724.0 10596.0 132.0 84.0 of
15968.0 10592.0 388.0 92.0 which
16488.0 10596.0 100.0 88.0 is

14152.0 10740.0 340.0 72.0 seven
14552.0 10716.0 224.0 96.0 feet
14828.0 10716.0 372.0 120.0 thick,
15256.0 10716.0 492.0 92.0 another
15796.0 10732.0 228.0 76.0 two
16080.0 10712.0 232.0 96.0 and
16364.0 10740.0 220.0 68.0 one

14152.0 10856.0 244.0 92.0 halt
14456.0 10856.0 232.0 92.0 leet
14740.0 10856.0 224.0 88.0 and
15024.0 10856.0 196.0 92.0 the
15296.0 10856.0 316.0 88.0 third
15728.0 10856.0 112.0 88.0 ol
15976.0 10856.0 604.0 88.0 unknown

14152.0 10984.0 636.0 120.0 thickness,
14844.0 10984.0 352.0 100.0 while
15252.0 10984.0 316.0 100.0 there
15624.0 11012.0 192.0 72.0 are
15872.0 10976.0 712.0 108.0 indications

14144.0 11120.0 136.0 92.0 of
14364.0 11144.0 68.0 68.0 a
14484.0 11144.0 316.0 68.0 seam
14884.0 11116.0 336.0 116.0 lying
15300.0 11120.0 488.0 96.0 beneath
15916.0 11120.0 196.0 92.0 the
16232.0 11116.0 352.0 96.0 7-foot

14148.0 11244.0 264.0 92.0 vein
14564.0 11248.0 192.0 88.0 the
14828.0 11272.0 224.0 64.0 one
15124.0 11268.0 268.0 68.0 now
15504.0 11244.0 472.0 92.0 worked
16128.0 11248.0 116.0 88.0 ot
16372.0 11248.0 196.0 88.0 the

14144.0 11396.0 316.0 68.0 game
14516.0 11396.0 132.0 68.0 or
14692.0 11384.0 448.0 108.0 greater
15236.0 11368.0 636.0 96.0 thickness.
16024.0 11368.0 556.0 120.0 Outcrop-

14148.0 11524.0 344.0 96.0 pings
14544.0 11512.0 116.0 80.0 ot
14788.0 11512.0 200.0 84.0 the
15108.0 11524.0 332.0 68.0 veins
15564.0 11524.0 192.0 68.0 are
15876.0 11512.0 392.0 80.0 traced
16392.0 11512.0 188.0 80.0 lor

14144.0 11656.0 352.0 68.0 tuanv
14560.0 11640.0 376.0 84.0 miles,
15104.0 11640.0 228.0 84.0 lhe
15456.0 11640.0 520.0 84.0 analysis
16100.0 11640.0 112.0 80.0 ot
16340.0 11640.0 236.0 84.0 this

14136.0 11760.0 252.0 100.0 coal
14472.0 11788.0 612.0 92.0 compares
15156.0 11756.0 268.0 100.0 well
15484.0 11760.0 284.0 96.0 with
15828.0 11760.0 196.0 92.0 the
16080.0 11784.0 488.0 104.0 average

14136.0 11888.0 360.0 128.0 grade
14536.0 11892.0 136.0 92.0 of
14756.0 11888.0 872.0 124.0 Pennsylvania
15680.0 11892.0 684.0 92.0 anthracite.

14296.0 12032.0 228.0 80.0 the
14576.0 12032.0 212.0 104.0 dip
14840.0 12032.0 112.0 80.0 ot
15020.0 12032.0 188.0 80.0 the
15264.0 12032.0 608.0 80.0 discovery
15928.0 12044.0 92.0 68.0 is
16420.0 12032.0 116.0 76.0 to

14140.0 12144.0 312.0 100.0 ward
14580.0 12152.0 196.0 92.0 the
14900.0 12148.0 552.0 124.0 opening,
15576.0 12144.0 632.0 128.0 rendering
16376.0 12148.0 192.0 92.0 the

14136.0 12280.0 316.0 96.0 mine
14504.0 12304.0 276.0 72.0 easv
14832.0 12280.0 136.0 92.0 of
15048.0 12276.0 572.0 104.0 drainage
15720.0 12276.0 228.0 96.0 aud
16052.0 12276.0 512.0 116.0 cheaply

14136.0 12408.0 536.0 100.0 worked.
14808.0 12408.0 256.0 96.0 The
15120.0 12412.0 400.0 92.0 length
15624.0 12408.0 132.0 96.0 of
15840.0 12412.0 196.0 92.0 the
16128.0 12412.0 436.0 92.0 branch

14132.0 12540.0 300.0 92.0 from
14492.0 12544.0 196.0 88.0 the
14740.0 12540.0 324.0 92.0 main
15124.0 12540.0 244.0 92.0 line
15420.0 12556.0 116.0 76.0 at
15592.0 12536.0 372.0 96.0 Noria
16016.0 12536.0 188.0 96.0 del
16300.0 12536.0 224.0 100.0 Val-

14132.0 12668.0 292.0 116.0 le(32
14480.0 12668.0 344.0 88.0 miles
14904.0 12668.0 296.0 88.0 from
15304.0 12664.0 1260.0 124.0 Guaymus)necessary

14128.0 12808.0 116.0 80.0 to
14304.0 12796.0 336.0 92.0 reach
14704.0 12796.0 196.0 88.0 the
14956.0 12792.0 352.0 104.0 mine,
15368.0 12792.0 96.0 92.0 is
15516.0 12796.0 140.0 88.0 Wi
15712.0 12792.0 380.0 92.0 miles.
16240.0 12788.0 104.0 96.0 It
16456.0 12792.0 100.0 92.0 is

14124.0 12920.0 608.0 100.0 estimated
14792.0 12920.0 260.0 100.0 that
15104.0 12928.0 296.0 92.0 after
15452.0 12924.0 196.0 96.0 the
15748.0 12920.0 796.0 100.0 construction

14120.0 13056.0 132.0 96.0 of
14296.0 13064.0 192.0 88.0 the
14544.0 13052.0 280.0 100.0 road
14876.0 13060.0 200.0 92.0 the
15124.0 13056.0 260.0 96.0 coal
15440.0 13084.0 276.0 96.0 may
15768.0 13056.0 140.0 96.0 be
15960.0 13056.0 596.0 96.0 marketed

14128.0 13184.0 116.0 96.0 in
14288.0 13184.0 232.0 96.0 Sun
14560.0 13184.0 632.0 96.0 Francisco
15232.0 13184.0 228.0 96.0 and
15508.0 13192.0 368.0 88.0 South
15908.0 13188.0 632.0 92.0 American

14124.0 13328.0 316.0 96.0 ports
14492.0 13328.0 116.0 80.0 at
14656.0 13312.0 152.0 116.0 $8
14860.0 13324.0 116.0 84.0 to
15032.0 13312.0 148.0 112.0 $9
15236.0 13340.0 208.0 92.0 per
15492.0 13328.0 228.0 80.0 ton.
15872.0 13312.0 232.0 96.0 San
16208.0 13312.0 304.0 96.0 Fran-

14116.0 13444.0 320.0 92.0 cisco
14484.0 13468.0 620.0 72.0 consumes
15180.0 13444.0 456.0 112.0 600,000
15764.0 13452.0 260.0 84.0 tons
16144.0 13444.0 132.0 92.0 of
16388.0 13444.0 160.0 92.0 nil

14116.0 13572.0 320.0 92.0 coals
14556.0 13572.0 604.0 124.0 annually,
15288.0 13568.0 228.0 96.0 and
15656.0 13568.0 544.0 100.0 Mexicuu
16324.0 13572.0 224.0 92.0 and

14120.0 13700.0 468.0 96.0 Central
14716.0 13696.0 220.0 96.0 and
15024.0 13704.0 372.0 92.0 South
15500.0 13700.0 632.0 96.0 American
16228.0 13716.0 324.0 100.0 ports

14112.0 13856.0 560.0 68.0 consume
14724.0 13828.0 456.0 116.0 650,000
15280.0 13844.0 288.0 96.0 tons,
15672.0 13832.0 180.0 92.0 for
15900.0 13828.0 648.0 124.0 steamship

14116.0 13984.0 564.0 96.0 purposes
14736.0 13960.0 372.0 96.0 alone.
15252.0 13960.0 400.0 96.0 About
15728.0 13960.0 456.0 116.0 700,000
16284.0 13976.0 260.0 80.0 tons

14108.0 14100.0 116.0 84.0 ot
14288.0 14096.0 236.0 88.0 this
14580.0 14116.0 96.0 64.0 la
14752.0 14096.0 132.0 88.0 of
14912.0 14096.0 448.0 112.0 foreign
15468.0 14108.0 816.0 100.0 importation;
16396.0 14112.0 152.0 72.0 its

14116.0 14220.0 348.0 92.0 value
14516.0 14244.0 104.0 68.0 is
14760.0 14220.0 240.0 92.0 6.50
15056.0 14236.0 116.0 80.0 to
15332.0 14216.0 124.0 96.0 10
15580.0 14244.0 208.0 96.0 per
15908.0 14232.0 236.0 80.0 tou.
16292.0 14216.0 252.0 100.0 The

14108.0 14348.0 344.0 100.0 value
14504.0 14348.0 140.0 100.0 of
14688.0 14348.0 652.0 100.0 anthracite
15392.0 14352.0 252.0 96.0 coal
15712.0 14352.0 96.0 96.0 is
15908.0 14352.0 304.0 96.0 from
16420.0 14352.0 120.0 96.0 12

14108.0 14500.0 116.0 80.0 to
14280.0 14484.0 216.0 116.0 $13
14560.0 14508.0 208.0 96.0 per
14820.0 14500.0 236.0 80.0 ton.
15200.0 14484.0 228.0 92.0 San
15516.0 14480.0 640.0 100.0 Francisco
16276.0 14512.0 220.0 68.0 con-

14104.0 14640.0 392.0 64.0 sumes
14548.0 14616.0 352.0 88.0 about
14952.0 14612.0 388.0 108.0 22,000
15396.0 14628.0 256.0 76.0 tons
15692.0 14612.0 132.0 92.0 of
15888.0 14616.0 648.0 88.0 anthracite

14104.0 14736.0 252.0 92.0 coal
14404.0 14736.0 576.0 124.0 annually
15036.0 14752.0 112.0 76.0 at
15208.0 14760.0 464.0 96.0 present
15724.0 14740.0 416.0 116.0 prices.
16284.0 14736.0 252.0 96.0 The

14104.0 14864.0 520.0 120.0 opening
14672.0 14864.0 136.0 92.0 of
14844.0 14864.0 236.0 92.0 this
15156.0 14864.0 320.0 92.0 mine
15556.0 14864.0 224.0 92.0 and
15916.0 14864.0 148.0 92.0 its
16188.0 14860.0 308.0 96.0 intro-

14100.0 14992.0 484.0 96.0 duction
14644.0 15004.0 116.0 80.0 to
14812.0 14992.0 236.0 96.0 this
15100.0 14988.0 460.0 100.0 market
15636.0 15008.0 116.0 76.0 at
15848.0 14992.0 196.0 96.0 the
16152.0 14992.0 380.0 120.0 prices

14096.0 15120.0 612.0 100.0 estimated
14768.0 15120.0 392.0 96.0 would
15220.0 15124.0 136.0 96.0 be
15480.0 15124.0 136.0 92.0 of
15728.0 15136.0 248.0 84.0 vast
16108.0 15120.0 388.0 124.0 impor-

14100.0 15272.0 332.0 76.0 tance
14484.0 15272.0 116.0 76.0 to
14652.0 15260.0 196.0 88.0 the
14904.0 15252.0 956.0 120.0 manufacturing
15896.0 15252.0 636.0 96.0 industries

14092.0 15384.0 132.0 92.0 of
14264.0 15384.0 240.0 92.0 this
14548.0 15380.0 244.0 120.0 city
14844.0 15380.0 228.0 92.0 aud
15176.0 15388.0 200.0 84.0 the
15484.0 15380.0 512.0 92.0 interior.
16144.0 15384.0 336.0 116.0 Speci-

14096.0 15532.0 316.0 72.0 mens
14472.0 15508.0 132.0 92.0 of
14644.0 15512.0 192.0 88.0 the
14888.0 15504.0 256.0 96.0 coal
15224.0 15512.0 304.0 88.0 have
15628.0 15508.0 280.0 92.0 been
16016.0 15508.0 512.0 116.0 brought

14088.0 15652.0 120.0 80.0 to
14256.0 15636.0 232.0 96.0 San
14552.0 15632.0 628.0 100.0 Francisco
15276.0 15636.0 228.0 92.0 and
15604.0 15632.0 640.0 116.0 exhibited,
16344.0 15664.0 132.0 68.0 ex

14084.0 15768.0 380.0 124.0 citing
14512.0 15776.0 196.0 88.0 the
14764.0 15768.0 708.0 96.0 admiration
15516.0 15764.0 132.0 100.0 of
15684.0 15768.0 164.0 96.0 all
15904.0 15772.0 264.0 92.0 who
16220.0 15768.0 300.0 96.0 have

14080.0 15932.0 272.0 64.0 seen
14408.0 15904.0 124.0 92.0 it.

14848.0 16084.0 260.0 72.0 THE
15180.0 16084.0 424.0 72.0 MINES.

14220.0 16224.0 352.0 100.0 Great
14624.0 16252.0 128.0 68.0 as
14804.0 16220.0 100.0 100.0 is
14956.0 16224.0 196.0 96.0 the
15208.0 16220.0 416.0 96.0 wealth
15688.0 16220.0 128.0 96.0 of
15864.0 16220.0 444.0 96.0 Sonora
16388.0 16220.0 116.0 96.0 in

14084.0 16384.0 772.0 128.0 agricultural
14940.0 16384.0 228.0 96.0 and
15252.0 16384.0 504.0 120.0 pastoral
15880.0 16412.0 628.0 92.0 resources,

13828.0 16548.0 136.0 88.0 IS
14016.0 16564.0 12.0 76.0 i
14080.0 16548.0 208.0 96.0 her
14336.0 16548.0 336.0 100.0 chief
14708.0 16544.0 340.0 120.0 glory
15172.0 16540.0 220.0 104.0 lies
15516.0 16544.0 124.0 100.0 in
15764.0 16544.0 212.0 100.0 her
16096.0 16572.0 412.0 72.0 mines.

13528.0 16748.0 356.0 92.0 Com
13924.0 16704.0 104.0 128.0 -!
14076.0 16712.0 248.0 100.0 Tb.e
14380.0 16712.0 228.0 100.0 low
14664.0 16712.0 616.0 96.0 mountain
15336.0 16736.0 416.0 100.0 ranges
15808.0 16708.0 476.0 100.0 abound
16384.0 16708.0 120.0 100.0 in

14076.0 16876.0 592.0 116.0 minerals,
14728.0 16880.0 200.0 92.0 but
15008.0 16876.0 200.0 96.0 the
15284.0 16876.0 384.0 92.0 mines
15788.0 16872.0 396.0 96.0 which
16312.0 16904.0 196.0 68.0 are

14076.0 17036.0 620.0 120.0 pretitably
14784.0 17032.0 472.0 96.0 worked
15384.0 17060.0 196.0 68.0 are
15700.0 17032.0 208.0 96.0 but
16032.0 17032.0 220.0 96.0 few
16380.0 17032.0 112.0 96.0 in

14076.0 17164.0 496.0 96.0 number
14620.0 17160.0 628.0 124.0 compared
15304.0 17164.0 284.0 92.0 with
15676.0 17168.0 328.0 88.0 those
16104.0 17164.0 396.0 92.0 whose

14072.0 17296.0 420.0 96.0 wealth
14556.0 17296.0 212.0 96.0 has
14824.0 17296.0 284.0 96.0 been
15160.0 17292.0 548.0 100.0 exulored
15772.0 17288.0 224.0 104.0 and
16100.0 17292.0 352.0 100.0 defini-

14068.0 17428.0 236.0 120.0 tely
14384.0 17428.0 468.0 112.0 known,
14932.0 17428.0 212.0 92.0 but
15192.0 17432.0 392.0 88.0 whose
15684.0 17424.0 816.0 124.0 development

14068.0 17556.0 212.0 92.0 has
14332.0 17556.0 284.0 92.0 been
14676.0 17552.0 616.0 120.0 prevented
15348.0 17584.0 132.0 64.0 or
15532.0 17552.0 524.0 92.0 retarded
16108.0 17560.0 144.0 112.0 by
16300.0 17556.0 192.0 92.0 the

14072.0 17708.0 664.0 68.0 incursions
14788.0 17688.0 104.0 88.0 ol
14956.0 17688.0 196.0 88.0 the
15204.0 17688.0 692.0 88.0 murderous
15944.0 17688.0 552.0 112.0 Apaches

14068.0 17812.0 244.0 96.0 that
14368.0 17812.0 328.0 112.0 have,
14756.0 17812.0 300.0 96.0 until
15156.0 17840.0 72.0 64.0 a
15280.0 17812.0 216.0 92.0 few
15536.0 17836.0 340.0 96.0 years
15932.0 17828.0 292.0 104.0 past,
16332.0 17808.0 112.0 96.0 in-

14064.0 17940.0 356.0 100.0 fested
14512.0 17940.0 232.0 100.0 and
14824.0 17940.0 244.0 100.0 laid
15196.0 17960.0 352.0 80.0 waste
15624.0 17944.0 196.0 96.0 the
15944.0 17936.0 548.0 132.0 outlying

14060.0 18072.0 556.0 96.0 districts.

14588.0 18256.0 80.0 68.0 A
14720.0 18256.0 644.0 68.0 ROMANTIC
15420.0 18252.0 568.0 72.0 ntSTORY.

14192.0 18384.0 116.0 108.0 It
14364.0 18388.0 100.0 104.0 is
14520.0 18404.0 200.0 88.0 not
14776.0 18392.0 196.0 100.0 the
15028.0 18416.0 508.0 104.0 purpose
15592.0 18384.0 132.0 104.0 of
15788.0 18388.0 236.0 100.0 this
16080.0 18416.0 360.0 100.0 gener-

14056.0 18564.0 104.0 100.0 al
14228.0 18564.0 420.0 100.0 article
14700.0 18592.0 152.0 68.0 on
14908.0 18564.0 192.0 96.0 the
15156.0 18592.0 596.0 68.0 resources
15800.0 18560.0 140.0 100.0 of
16004.0 18564.0 236.0 96.0 this
16300.0 18560.0 136.0 100.0 lit-

14056.0 18732.0 160.0 96.0 tle
14332.0 18728.0 432.0 96.0 known
14864.0 18744.0 500.0 84.0 countrv
15460.0 18740.0 120.0 84.0 to
15672.0 18728.0 528.0 96.0 describe
16280.0 18728.0 196.0 96.0 the

14052.0 18892.0 376.0 100.0 mines
14468.0 18896.0 136.0 96.0 of
14664.0 18892.0 480.0 120.0 Sonora,
15220.0 18892.0 212.0 96.0 but
15532.0 18892.0 324.0 96.0 there
15956.0 18892.0 520.0 100.0 attaches

14048.0 19072.0 116.0 80.0 to
14216.0 19084.0 216.0 72.0 one
14484.0 19056.0 444.0 100.0 section
15008.0 19056.0 136.0 96.0 of
15204.0 19060.0 196.0 92.0 the
15500.0 19052.0 316.0 100.0 State
15920.0 19084.0 280.0 68.0 near
16280.0 19060.0 192.0 92.0 the

14044.0 19216.0 628.0 96.0 American
14732.0 19212.0 448.0 116.0 border,
15240.0 19240.0 64.0 68.0 a
15356.0 19216.0 448.0 120.0 history
15848.0 19240.0 128.0 64.0 so
16024.0 19240.0 400.0 68.0 roman-

14048.0 19348.0 152.0 96.0 tic
14280.0 19348.0 252.0 96.0 that
14628.0 19376.0 68.0 60.0 a
14788.0 19340.0 652.0 100.0 condensed
15548.0 19356.0 500.0 80.0 account
16144.0 19344.0 316.0 92.0 ofit

14052.0 19492.0 324.0 80.0 must
14428.0 19504.0 356.0 92.0 prove
14824.0 19472.0 600.0 128.0 generally
15468.0 19468.0 716.0 124.0 interesting,
16228.0 19500.0 200.0 92.0 par-

14044.0 19604.0 556.0 124.0 ticularly
14676.0 19632.0 128.0 64.0 as
14884.0 19608.0 88.0 88.0 it
15052.0 19604.0 100.0 92.0 is
15228.0 19604.0 196.0 92.0 the
15520.0 19600.0 284.0 124.0 only
15904.0 19600.0 336.0 120.0 place
16344.0 19604.0 116.0 92.0 in

14044.0 19732.0 472.0 96.0 Mexico
14572.0 19736.0 380.0 92.0 where
15008.0 19732.0 452.0 116.0 placers
15536.0 19732.0 132.0 92.0 of
15732.0 19728.0 356.0 96.0 silver
16168.0 19756.0 296.0 68.0 were

14040.0 19892.0 272.0 64.0 ever
14432.0 19860.0 432.0 96.0 known
14960.0 19872.0 120.0 80.0 to
15176.0 19856.0 336.0 96.0 exist.
15696.0 19856.0 252.0 96.0 The
16048.0 19856.0 416.0 96.0 "Plan-

14036.0 19996.0 288.0 92.0 chas
14376.0 19988.0 140.0 96.0 de
14576.0 19988.0 412.0 100.0 Plata"
15044.0 19992.0 40.0 116.0 (
15140.0 19984.0 508.0 124.0 literally
15700.0 19988.0 320.0 92.0 slabs
16072.0 19988.0 136.0 92.0 of
16268.0 19984.0 148.0 100.0 sil-

14040.0 20152.0 196.0 64.0 ver
14376.0 20120.0 528.0 116.0 enticing
15008.0 20144.0 344.0 68.0 name
15400.0 20132.0 88.0 104.0 ),
15592.0 20120.0 96.0 92.0 is
15792.0 20124.0 196.0 88.0 the
16116.0 20144.0 340.0 68.0 name

14036.0 20248.0 344.0 120.0 given
14460.0 20260.0 120.0 80.0 to
14676.0 20272.0 72.0 64.0 a
14844.0 20244.0 480.0 116.0 locality
15428.0 20244.0 116.0 92.0 in
15652.0 20244.0 192.0 92.0 the
15940.0 20244.0 516.0 92.0 Arizona

14040.0 20372.0 716.0 116.0 Mountains,
14816.0 20400.0 68.0 64.0 a
14980.0 20380.0 368.0 84.0 dozen
15452.0 20368.0 344.0 96.0 miles
15892.0 20372.0 344.0 92.0 south
16336.0 20372.0 132.0 96.0 of

14036.0 20508.0 192.0 96.0 the
14292.0 20500.0 444.0 116.0 border,
14792.0 20500.0 136.0 96.0 75
14988.0 20500.0 344.0 96.0 miles
15380.0 20504.0 344.0 92.0 south
15784.0 20500.0 132.0 96.0 of
15980.0 20500.0 464.0 100.0 Tucson

14032.0 20632.0 224.0 100.0 and
14316.0 20636.0 132.0 92.0 45
14504.0 20632.0 348.0 96.0 miles
14924.0 20628.0 232.0 100.0 due
15236.0 20632.0 340.0 92.0 north
15656.0 20628.0 136.0 96.0 of
15860.0 20628.0 552.0 124.0 Magdale-

14028.0 20796.0 184.0 84.0 na,
14272.0 20768.0 420.0 112.0 where,
14800.0 20764.0 192.0 92.0 121
15048.0 20788.0 340.0 96.0 years
15440.0 20788.0 256.0 96.0 ago,
15804.0 20752.0 644.0 132.0 according

14032.0 20912.0 112.0 84.0 to
14196.0 20896.0 192.0 96.0 the
14444.0 20892.0 532.0 100.0 archives
15032.0 20888.0 132.0 100.0 of
15228.0 20892.0 364.0 124.0 Spain
15648.0 20884.0 232.0 100.0 and
15936.0 20888.0 508.0 120.0 Mexico,

14028.0 21028.0 504.0 124.0 Spanish
14644.0 21024.0 600.0 116.0 explorers
15340.0 21020.0 676.0 100.0 discovered
16124.0 21024.0 316.0 124.0 large

14028.0 21188.0 436.0 64.0 masses
14512.0 21156.0 136.0 92.0 of
14712.0 21184.0 284.0 88.0 pure
15072.0 21156.0 360.0 92.0 silver
15500.0 21184.0 152.0 72.0 on
15732.0 21156.0 196.0 92.0 the
15984.0 21156.0 456.0 92.0 surface

14020.0 21284.0 136.0 92.0 of
14220.0 21284.0 192.0 92.0 the
14464.0 21280.0 500.0 120.0 ground,
15020.0 21276.0 232.0 96.0 and
15356.0 21292.0 120.0 76.0 at
15572.0 21308.0 68.0 60.0 a
15732.0 21276.0 356.0 116.0 depth
16172.0 21280.0 132.0 92.0 of
16376.0 21304.0 64.0 64.0 a

14024.0 21408.0 220.0 96.0 few
14300.0 21408.0 228.0 92.0 feel
14580.0 21404.0 116.0 92.0 in
14748.0 21408.0 200.0 88.0 the
15048.0 21408.0 300.0 88.0 form
15448.0 21404.0 136.0 88.0 of
15688.0 21400.0 352.0 112.0 slabs,
16140.0 21400.0 300.0 92.0 balls

14020.0 21532.0 228.0 100.0 and
14304.0 21536.0 436.0 124.0 grains,
14792.0 21560.0 320.0 68.0 some
15164.0 21532.0 136.0 92.0 of
15360.0 21532.0 320.0 92.0 them
15756.0 21556.0 276.0 100.0 very
16112.0 21528.0 320.0 124.0 large

14156.0 21696.0 220.0 68.0 one
14432.0 21664.0 600.0 124.0 weighing
15084.0 21692.0 124.0 64.0 as
15304.0 21664.0 360.0 92.0 much
15768.0 21688.0 128.0 68.0 as
15996.0 21660.0 204.0 100.0 140
16276.0 21688.0 124.0 68.0 ar-

14020.0 21800.0 336.0 92.0 robas
14408.0 21796.0 360.0 116.0 (3,500
14824.0 21792.0 536.0 124.0 pounds),
15412.0 21788.0 396.0 96.0 which
15868.0 21788.0 228.0 96.0 had
16140.0 21812.0 112.0 72.0 to
16300.0 21792.0 132.0 92.0 be

14020.0 21924.0 424.0 100.0 melted
14492.0 21940.0 116.0 80.0 to
14652.0 21924.0 132.0 92.0 be
14828.0 21916.0 528.0 108.0 weighed
15400.0 21916.0 224.0 96.0 and
15672.0 21916.0 760.0 116.0 transported.

14012.0 22056.0 196.0 100.0 All
14268.0 22056.0 320.0 96.0 these
14640.0 22048.0 712.0 100.0 discoveries
15404.0 22076.0 296.0 68.0 were
15732.0 22044.0 508.0 104.0 claimed
16288.0 22052.0 140.0 116.0 by

14012.0 22196.0 196.0 92.0 the
14324.0 22212.0 432.0 76.0 crown,
14856.0 22180.0 228.0 100.0 and
15184.0 22208.0 156.0 68.0 no
15436.0 22196.0 988.0 108.0 encouragement

14016.0 22324.0 352.0 116.0 being
14420.0 22316.0 344.0 124.0 given
14824.0 22332.0 120.0 76.0 to
15020.0 22340.0 440.0 64.0 miners
15556.0 22324.0 120.0 80.0 to
15772.0 22340.0 444.0 68.0 remain
16304.0 22340.0 120.0 68.0 in

14012.0 22472.0 540.0 96.0 presence
14608.0 22444.0 132.0 88.0 of
14780.0 22440.0 428.0 96.0 hostile
15256.0 22436.0 520.0 116.0 Indians,
15816.0 22444.0 196.0 88.0 the
16052.0 22440.0 376.0 92.0 mines

14008.0 22604.0 296.0 68.0 were
14356.0 22568.0 528.0 112.0 speedily
14944.0 22564.0 688.0 96.0 abandoned
15692.0 22564.0 224.0 100.0 and
15960.0 22572.0 192.0 88.0 the
16200.0 22596.0 184.0 68.0 rec

14004.0 22704.0 268.0 100.0 ords
14324.0 22700.0 416.0 104.0 locked
14804.0 22728.0 160.0 96.0 up
15028.0 22700.0 144.0 124.0 by
15228.0 22700.0 192.0 96.0 the
15460.0 22696.0 396.0 104.0 Jesuit
15904.0 22692.0 520.0 116.0 Fathers,

14000.0 22868.0 132.0 68.0 so
14184.0 22840.0 260.0 96.0 that
14556.0 22836.0 268.0 124.0 they
14936.0 22824.0 352.0 108.0 could
15408.0 22844.0 204.0 84.0 not
15716.0 22832.0 132.0 96.0 be
15972.0 22828.0 444.0 128.0 readily

13996.0 22976.0 428.0 92.0 traced.

14152.0 23100.0 368.0 116.0 Later,
14560.0 23100.0 112.0 96.0 in
14736.0 23096.0 272.0 100.0 1817
15052.0 23092.0 260.0 100.0 Don
15356.0 23088.0 548.0 104.0 Dionisio
15952.0 23088.0 460.0 120.0 Robles,

13996.0 23264.0 68.0 64.0 a
14112.0 23236.0 428.0 92.0 citizen
14616.0 23228.0 136.0 96.0 of
14816.0 23228.0 448.0 128.0 Rayon,
15344.0 23224.0 284.0 96.0 with
15732.0 23256.0 68.0 60.0 a
15900.0 23224.0 308.0 96.0 force
16288.0 23228.0 136.0 92.0 of

13996.0 23364.0 208.0 92.0 200
14260.0 23388.0 300.0 84.0 men,
14620.0 23356.0 668.0 124.0 penetrated
15368.0 23360.0 196.0 88.0 the
15640.0 23352.0 464.0 96.0 district
16176.0 23364.0 228.0 80.0 and

13996.0 23484.0 364.0 100.0 found
14416.0 23492.0 320.0 92.0 what
14828.0 23488.0 276.0 120.0 they
15208.0 23480.0 516.0 100.0 believed
15808.0 23496.0 120.0 80.0 to
16032.0 23480.0 132.0 92.0 be
16220.0 23480.0 192.0 92.0 the

13992.0 23616.0 196.0 100.0 old
14228.0 23616.0 484.0 124.0 placers,
14768.0 23612.0 228.0 96.0 and
15048.0 23608.0 548.0 100.0 obtained
15700.0 23640.0 68.0 64.0 a
15868.0 23608.0 540.0 124.0 quantity

13992.0 23748.0 128.0 96.0 of
14168.0 23752.0 356.0 92.0 silver
14648.0 23748.0 124.0 92.0 in
14896.0 23772.0 292.0 96.0 pure
15288.0 23768.0 468.0 72.0 masses,
15904.0 23736.0 188.0 100.0 lie
16168.0 23764.0 240.0 68.0 was

13988.0 23872.0 664.0 128.0 compelled
14708.0 23892.0 116.0 80.0 to
14872.0 23896.0 392.0 76.0 return
15312.0 23900.0 144.0 68.0 on
15504.0 23888.0 492.0 80.0 account
16036.0 23868.0 136.0 92.0 of
16212.0 23868.0 192.0 96.0 the

13992.0 24004.0 492.0 100.0 Indians
14532.0 24008.0 296.0 92.0 after
14944.0 24032.0 72.0 68.0 a
15136.0 24016.0 252.0 112.0 stay
15480.0 24000.0 132.0 96.0 of
15700.0 23996.0 280.0 128.0 only
16076.0 23996.0 332.0 124.0 eight

13988.0 24136.0 324.0 128.0 days.
14456.0 24132.0 400.0 100.0 About
14912.0 24136.0 192.0 92.0 the
15152.0 24156.0 280.0 100.0 year
15484.0 24128.0 304.0 112.0 1S50,
15844.0 24128.0 116.0 92.0 in
16020.0 24152.0 144.0 68.0 an
16224.0 24152.0 136.0 68.0 ex

13988.0 24272.0 524.0 116.0 pedition
14596.0 24272.0 344.0 84.0 made
15036.0 24272.0 144.0 112.0 by
15284.0 24276.0 432.0 104.0 parties
15768.0 24272.0 296.0 80.0 lrom
16120.0 24272.0 244.0 76.0 iier-

13984.0 24388.0 508.0 120.0 mosillo,
14544.0 24416.0 68.0 68.0 a
14664.0 24388.0 320.0 124.0 large
15036.0 24388.0 336.0 120.0 lump
15416.0 24384.0 132.0 100.0 of
15608.0 24380.0 388.0 100.0 native
16048.0 24380.0 356.0 96.0 silver

13988.0 24548.0 236.0 64.0 was
14276.0 24516.0 408.0 116.0 found,
14788.0 24516.0 388.0 96.0 which
15284.0 24540.0 244.0 68.0 was
15620.0 24512.0 348.0 92.0 taken
16028.0 24528.0 120.0 72.0 to
16200.0 24512.0 196.0 92.0 the

13984.0 24648.0 264.0 128.0 Gity
14296.0 24648.0 136.0 96.0 of
14472.0 24644.0 472.0 100.0 Mexico
14992.0 24636.0 228.0 104.0 and
15272.0 24636.0 424.0 100.0 caused
15748.0 24632.0 600.0 104.0 considera-

13984.0 24780.0 188.0 92.0 ble
14292.0 24776.0 704.0 96.0 excitement
15092.0 24776.0 356.0 92.0 there.
15636.0 24768.0 404.0 96.0 About
16156.0 24768.0 240.0 96.0 this

13980.0 24904.0 284.0 92.0 time
14316.0 24904.0 288.0 112.0 also,
14700.0 24904.0 196.0 92.0 the
14996.0 24912.0 328.0 108.0 great
15400.0 24896.0 528.0 120.0 banking
16028.0 24892.0 368.0 100.0 house

13976.0 25028.0 136.0 96.0 of
14152.0 25028.0 432.0 100.0 Jecker
14632.0 25024.0 356.0 96.0 Torre
15036.0 25024.0 108.0 96.0 &
15200.0 25024.0 236.0 108.0 Co.,
15484.0 25016.0 548.0 100.0 obtained
16088.0 25024.0 308.0 92.0 from

13976.0 25160.0 200.0 96.0 the
14224.0 25152.0 548.0 104.0 Mexican
14872.0 25160.0 764.0 120.0 government
15728.0 25172.0 72.0 72.0 &
15884.0 25160.0 336.0 108.0 grant
16272.0 25144.0 132.0 100.0 of

13972.0 25288.0 164.0 100.0 all
14188.0 25288.0 196.0 96.0 the
14436.0 25284.0 380.0 96.0 mines
14864.0 25312.0 120.0 68.0 in
15076.0 25284.0 196.0 92.0 the
15324.0 25280.0 388.0 100.0 Sierra
15756.0 25276.0 148.0 100.0 do
15992.0 25276.0 368.0 100.0 Arizo-

13972.0 25436.0 184.0 92.0 na,
14216.0 25412.0 224.0 100.0 aa-S
14492.0 25412.0 344.0 104.0 l&sCs
14892.0 25416.0 176.0 88.0 for
15116.0 25412.0 196.0 92.0 the
15412.0 25428.0 504.0 100.0 purpose
15980.0 25408.0 128.0 92.0 of
16168.0 25404.0 180.0 100.0 col

16788.0 4552.0 636.0 100.0 onization.
17572.0 4548.0 172.0 124.0 By
17800.0 4552.0 308.0 100.0 their
18224.0 4552.0 400.0 96.0 orders
18740.0 4552.0 232.0 100.0 anil
19096.0 4568.0 128.0 84.0 at

16788.0 4680.0 304.0 92.0 their
17140.0 4704.0 540.0 92.0 expense,
17776.0 4708.0 148.0 68.0 an
18024.0 4680.0 680.0 120.0 expedition
18760.0 4708.0 244.0 72.0 waa
19036.0 4708.0 196.0 72.0 or.

16788.0 4804.0 492.0 112.0 jjanized
17332.0 4808.0 116.0 92.0 in
17504.0 4812.0 228.0 92.0 San
17792.0 4804.0 636.0 104.0 Francisco
18484.0 4808.0 116.0 96.0 in
18652.0 4808.0 308.0 120.0 1852,
19012.0 4836.0 156.0 72.0 un-

16784.0 4932.0 204.0 100.0 der
17036.0 4940.0 196.0 92.0 the
17316.0 4936.0 628.0 100.0 command
17988.0 4936.0 140.0 100.0 of
18212.0 4940.0 196.0 96.0 the
18460.0 4940.0 748.0 100.0 unfortunate

16784.0 5064.0 384.0 100.0 Count
17220.0 5064.0 436.0 100.0 Gaston
17716.0 5064.0 568.0 104.0 Raousset
18328.0 5068.0 148.0 100.0 tie
18552.0 5068.0 652.0 112.0 Bourborn,

16780.0 5196.0 208.0 92.0 400
17040.0 5196.0 712.0 120.0 thoroughly
17800.0 5196.0 712.0 116.0 disciplined
18588.0 5224.0 264.0 72.0 men
18984.0 5200.0 220.0 96.0 old

16788.0 5316.0 452.0 96.0 Fiench
17364.0 5316.0 528.0 100.0 soldeirs.
18080.0 5324.0 332.0 116.0 They
18532.0 5324.0 432.0 96.0 landed
19084.0 5324.0 124.0 96.0 at

16780.0 5444.0 632.0 120.0 Guaymas,
17468.0 5444.0 228.0 96.0 and
17800.0 5452.0 292.0 92.0 after
18156.0 5444.0 812.0 104.0 considerable
19012.0 5448.0 152.0 100.0 da-

16780.0 5572.0 188.0 128.0 lay
17028.0 5572.0 556.0 100.0 marched
17684.0 5588.0 120.0 84.0 to
17896.0 5576.0 364.0 120.0 Saric,
18312.0 5612.0 68.0 64.0 a
18432.0 5596.0 312.0 84.0 town
18792.0 5612.0 144.0 68.0 on
18992.0 5584.0 204.0 100.0 the

16776.0 5708.0 336.0 92.0 north
17180.0 5708.0 312.0 92.0 bank
17548.0 5708.0 140.0 92.0 of
17764.0 5704.0 204.0 96.0 the
18092.0 5704.0 708.0 120.0 Magdalena
18852.0 5716.0 340.0 92.0 river.

16780.0 5832.0 304.0 100.0 Here
17128.0 5832.0 288.0 128.0 Xhey
17472.0 5832.0 596.0 100.0 remained
18168.0 5836.0 180.0 96.0 six
18456.0 5836.0 420.0 124.0 weeks,
18976.0 5840.0 216.0 100.0 but

16772.0 5964.0 496.0 100.0 without
17352.0 5992.0 228.0 100.0 any
17680.0 5968.0 336.0 96.0 other
18108.0 5980.0 496.0 108.0 attempt
18696.0 5984.0 120.0 80.0 to
18864.0 5988.0 328.0 84.0 enter

16768.0 6100.0 196.0 88.0 the
17012.0 6092.0 460.0 100.0 district
17508.0 6096.0 408.0 112.0 owing
17964.0 6112.0 120.0 80.0 to
18160.0 6100.0 200.0 92.0 th?
18412.0 6096.0 580.0 124.0 intrigues
19056.0 6104.0 144.0 96.0 ol"

16768.0 6220.0 408.0 124.0 arrival
17236.0 6224.0 396.0 92.0 house.
17776.0 6220.0 252.0 96.0 The
18128.0 6224.0 572.0 116.0 Intrigues
18772.0 6224.0 412.0 96.0 finally

16764.0 6340.0 368.0 100.0 ended
17188.0 6344.0 124.0 96.0 in
17364.0 6372.0 144.0 68.0 an
17564.0 6364.0 296.0 100.0 open
17916.0 6360.0 840.0 108.0 rupture.upon
18788.0 6352.0 400.0 96.0 which,

16768.0 6480.0 196.0 92.0 the
17068.0 6472.0 384.0 100.0 Count
17548.0 6472.0 552.0 100.0 marched
18200.0 6488.0 120.0 84.0 to
18420.0 6472.0 760.0 124.0 Hermosillo,

16764.0 6612.0 380.0 100.0 where
17196.0 6608.0 144.0 104.0 he
17396.0 6624.0 228.0 88.0 met
17684.0 6608.0 192.0 104.0 the
17972.0 6628.0 764.0 112.0 government
18784.0 6624.0 332.0 120.0 troop

16760.0 6748.0 228.0 92.0 and
17036.0 6740.0 528.0 100.0 defeated
17668.0 6748.0 356.0 96.0 them.
18176.0 6740.0 188.0 104.0 He
18456.0 6764.0 248.0 80.0 wnS
18784.0 6748.0 352.0 100.0 subse-

16756.0 6876.0 484.0 116.0 quently
17292.0 6872.0 352.0 96.0 taken
17700.0 6876.0 256.0 92.0 sick
18012.0 6884.0 368.0 108.0 (some
18428.0 6888.0 212.0 112.0 say
18708.0 6876.0 420.0 120.0 poison-

16752.0 6996.0 176.0 116.0 ed,
16972.0 6996.0 228.0 96.0 nnd
17256.0 6996.0 580.0 124.0 conveyed
17896.0 7028.0 148.0 64.0 on
18100.0 7024.0 68.0 68.0 a
18212.0 7000.0 316.0 96.0 litter
18572.0 7008.0 140.0 84.0 to'
18784.0 7004.0 184.0 92.0 Gu
18984.0 7028.0 144.0 96.0 Hy-

16752.0 7152.0 284.0 84.0 mns,
17112.0 7136.0 388.0 88.0 where
17552.0 7128.0 192.0 96.0 his
17836.0 7124.0 448.0 100.0 officers
18380.0 7124.0 372.0 100.0 under
18804.0 7160.0 140.0 68.0 an
19000.0 7160.0 136.0 68.0 ar-

16748.0 7272.0 672.0 108.0 rangement
17476.0 7260.0 280.0 96.0 with
17860.0 7260.0 196.0 96.0 the
18152.0 7260.0 708.0 100.0 authorities
18932.0 7288.0 188.0 72.0 em-

16752.0 7384.0 428.0 100.0 barked
17240.0 7388.0 180.0 92.0 for
17468.0 7384.0 224.0 100.0 San
17752.0 7384.0 664.0 100.0 Francisco.

16888.0 7512.0 140.0 96.0 in
17128.0 7516.0 308.0 104.0 1S54,
17552.0 7512.0 568.0 100.0 Raousset
18236.0 7512.0 632.0 132.0 organized
18968.0 7544.0 180.0 72.0 atr-

16740.0 7644.0 332.0 96.0 other
17164.0 7640.0 672.0 128.0 expedition
17936.0 7644.0 124.0 96.0 in
18160.0 7640.0 232.0 104.0 San
18492.0 7644.0 668.0 120.0 Francisco;

16740.0 7772.0 224.0 96.0 and
17024.0 7768.0 416.0 104.0 landed
17524.0 7788.0 108.0 84.0 at
17704.0 7772.0 636.0 128.0 Guaymas.
18484.0 7780.0 388.0 120.0 Again
18968.0 7804.0 148.0 72.0 en-

16732.0 7904.0 696.0 112.0 countering
17476.0 7908.0 196.0 92.0 the
17744.0 7908.0 668.0 108.0 opposition
18464.0 7904.0 140.0 96.0 of
18672.0 7908.0 200.0 96.0 the
18964.0 7932.0 148.0 68.0 au

16732.0 8032.0 568.0 104.0 thorities,
17380.0 8060.0 144.0 68.0 nn
17624.0 8044.0 780.0 116.0 engagement
18492.0 8024.0 480.0 128.0 ensued,
19024.0 8032.0 132.0 100.0 in'

16736.0 8164.0 392.0 100.0 which
17252.0 8168.0 148.0 96.0 he
17524.0 8192.0 236.0 72.0 was
17880.0 8136.0 564.0 148.0 defeated,
18548.0 8160.0 600.0 132.0 captured",

16732.0 8296.0 292.0 100.0 tried
17084.0 8300.0 144.0 124.0 by
17280.0 8300.0 848.0 104.0 court-martial
18212.0 8300.0 228.0 96.0 and
18492.0 8300.0 304.0 96.0 shot.

17120.0 8512.0 260.0 68.0 TnK
17436.0 8512.0 752.0 72.0 EXPEDITION
18236.0 8512.0 160.0 72.0 OF
18448.0 8492.0 304.0 92.0 1871.

16864.0 8644.0 140.0 104.0 In
17064.0 8648.0 484.0 116.0 1870-71,
17592.0 8648.0 248.0 100.0 Gen
17944.0 8652.0 396.0 116.0 Serna,
18440.0 8652.0 316.0 120.0 (then
18816.0 8644.0 296.0 108.0 Vice-

16720.0 8812.0 604.0 104.0 Goveruor
17372.0 8812.0 136.0 104.0 of
17544.0 8816.0 484.0 124.0 Sonora)
18128.0 8812.0 620.0 136.0 obtaining
18816.0 8844.0 324.0 76.0 some

16724.0 8980.0 756.0 96.0 information
17580.0 8980.0 632.0 128.0 regarding
18304.0 8980.0 244.0 100.0 this
18640.0 8980.0 496.0 124.0 district,

16720.0 9136.0 632.0 128.0 organized
17408.0 9168.0 144.0 68.0 an
17608.0 9140.0 684.0 124.0 expedition
18384.0 9152.0 128.0 88.0 to
18604.0 9136.0 536.0 104.0 discover

16724.0 9304.0 120.0 112.0 it.
16984.0 9300.0 252.0 104.0 The
17288.0 9304.0 424.0 96.0 hostile
17756.0 9304.0 576.0 124.0 Apaches,
18368.0 9304.0 512.0 128.0 through
18936.0 9304.0 200.0 100.0 the

16712.0 9464.0 392.0 100.0 efforts
17160.0 9464.0 132.0 100.0 of
17328.0 9464.0 288.0 100.0 Gen.
17672.0 9464.0 420.0 120.0 Crook,
18120.0 9464.0 128.0 100.0 in
18292.0 9468.0 552.0 116.0 Arizona,
18896.0 9464.0 236.0 100.0 and

16716.0 9632.0 192.0 96.0 the
16988.0 9628.0 540.0 104.0 Mexican
17632.0 9628.0 700.0 100.0 authorities
18424.0 9628.0 124.0 104.0 in
18648.0 9624.0 484.0 124.0 Sonora,

16716.0 9760.0 224.0 100.0 had
17000.0 9788.0 260.0 68.0 now
17316.0 9764.0 280.0 96.0 been
17648.0 9760.0 536.0 100.0 subdued
18264.0 9760.0 228.0 100.0 and
18572.0 9760.0 552.0 100.0 removed

16712.0 9908.0 116.0 76.0 to
16880.0 9892.0 440.0 92.0 distant
17416.0 9892.0 808.0 96.0 reservations.
18368.0 9892.0 296.0 96.0 Gen.
18760.0 9892.0 368.0 96.0 Serna

16716.0 10016.0 220.0 100.0 had
17000.0 10048.0 148.0 68.0 no
17200.0 10016.0 580.0 116.0 difficulty
17840.0 10020.0 116.0 100.0 in
18052.0 10012.0 468.0 132.0 finding
18616.0 10016.0 196.0 104.0 the
18860.0 10036.0 268.0 108.0 spot

16708.0 10152.0 296.0 100.0 from
17064.0 10156.0 392.0 96.0 which
17564.0 10156.0 320.0 96.0 these
17984.0 10148.0 332.0 132.0 large
18392.0 10180.0 440.0 72.0 masses
18880.0 10148.0 240.0 104.0 bad

16716.0 10288.0 276.0 96.0 been
17048.0 10288.0 392.0 112.0 taken,
17496.0 10284.0 228.0 104.0 and
17828.0 10288.0 148.0 100.0 he
18072.0 10288.0 500.0 96.0 himself
18628.0 10280.0 368.0 104.0 found
19048.0 10312.0 76.0 76.0 a

16704.0 10420.0 332.0 116.0 lump
17092.0 10420.0 612.0 120.0 weighing
17780.0 10420.0 136.0 92.0 45
18004.0 10416.0 492.0 120.0 pounds.
18640.0 10416.0 200.0 96.0 No
18892.0 10420.0 232.0 92.0 less

16716.0 10544.0 276.0 88.0 than
17048.0 10548.0 144.0 84.0 40
17244.0 10560.0 256.0 72.0 tons
17556.0 10524.0 136.0 108.0 of
17772.0 10568.0 292.0 92.0 pure
18156.0 10544.0 352.0 92.0 silver
18556.0 10544.0 220.0 92.0 has
18824.0 10544.0 296.0 92.0 been

16700.0 10664.0 348.0 92.0 taken
17108.0 10680.0 204.0 76.0 out
17356.0 10664.0 140.0 92.0 of
17516.0 10668.0 192.0 88.0 the
17756.0 10680.0 292.0 104.0 spot.
18200.0 10660.0 392.0 100.0 Under
18632.0 10664.0 188.0 96.0 his
18868.0 10688.0 220.0 96.0 pro-

16700.0 10788.0 464.0 116.0 tection,
17216.0 10788.0 324.0 116.0 quite
17640.0 10816.0 72.0 72.0 a
17804.0 10784.0 500.0 104.0 number
18348.0 10792.0 136.0 96.0 of
18544.0 10800.0 536.0 104.0 prospect

16696.0 10952.0 188.0 72.0 ors
16936.0 10920.0 224.0 104.0 and
17220.0 10924.0 436.0 100.0 miners
17712.0 10940.0 304.0 84.0 went
18096.0 10940.0 120.0 84.0 to
18292.0 10904.0 320.0 120.0 work
18680.0 10952.0 152.0 72.0 on
18912.0 10924.0 200.0 100.0 the

16696.0 11060.0 192.0 96.0 old
16944.0 11060.0 232.0 96.0 and
17256.0 11080.0 120.0 76.0 to
17472.0 11064.0 404.0 96.0 search
17980.0 11060.0 184.0 100.0 for
18256.0 11088.0 260.0 68.0 new
18612.0 11060.0 496.0 124.0 placers.-

16692.0 11192.0 252.0 92.0 The
17092.0 11188.0 460.0 96.0 district
17704.0 11188.0 688.0 120.0 prospected
18516.0 11192.0 152.0 120.0 by
18792.0 11192.0 320.0 96.0 them

16692.0 11344.0 372.0 68.0 seems
17112.0 11316.0 328.0 120.0 q"ite
17516.0 11316.0 348.0 92.0 small
18012.0 11332.0 204.0 76.0 not
18308.0 11344.0 276.0 64.0 over
18676.0 11324.0 232.0 84.0 two
18980.0 11340.0 136.0 72.0 or

16692.0 11448.0 324.0 88.0 three
17068.0 11444.0 344.0 92.0 miles
17460.0 11468.0 456.0 100.0 square.
18064.0 11440.0 196.0 96.0 Xo
18332.0 11444.0 336.0 92.0 other
18712.0 11440.0 404.0 124.0 placer

16696.0 11600.0 236.0 68.0 was
16984.0 11568.0 400.0 108.0 found,
17464.0 11572.0 208.0 96.0 but
17776.0 11572.0 120.0 96.0 in
17980.0 11572.0 204.0 96.0 the
18276.0 11568.0 336.0 100.0 veins
18704.0 11568.0 404.0 100.0 which

16692.0 11732.0 296.0 68.0 were
17036.0 11696.0 680.0 104.0 discovered
17772.0 11696.0 232.0 100.0 and
18080.0 11696.0 488.0 120.0 opened,
18640.0 11696.0 420.0 104.0 consid

16688.0 11832.0 392.0 100.0 erable
17152.0 11832.0 648.0 128.0 quantities
17852.0 11832.0 136.0 96.0 of
18044.0 11828.0 596.0 104.0 chlorides
18708.0 11828.0 140.0 100.0 of
18904.0 11828.0 152.0 100.0 sil-

16688.0 11992.0 196.0 68.0 ver
16936.0 11992.0 292.0 68.0 were
17280.0 11960.0 404.0 96.0 found.
17872.0 11964.0 116.0 96.0 A
18084.0 11960.0 220.0 100.0 few
18400.0 11964.0 232.0 96.0 feet
18720.0 11960.0 384.0 96.0 below

16688.0 12092.0 192.0 96.0 the
16932.0 12096.0 460.0 88.0 surface
17436.0 12096.0 240.0 88.0 this
17748.0 12088.0 480.0 100.0 became
18300.0 12116.0 324.0 72.0 more
18696.0 12084.0 372.0 100.0 diffus-

16684.0 12220.0 176.0 116.0 ed,
16960.0 12224.0 200.0 92.0 the
17256.0 12220.0 328.0 96.0 veins
17680.0 12216.0 572.0 120.0 widened,
18352.0 12216.0 228.0 100.0 and
18636.0 12216.0 460.0 128.0 though

16684.0 12352.0 692.0 128.0 apparently
17476.0 12348.0 324.0 100.0 rilled
17896.0 12352.0 288.0 96.0 with
18248.0 12348.0 296.0 128.0 good
18604.0 12376.0 288.0 92.0 ores,
18940.0 12372.0 168.0 76.0 not

16684.0 12488.0 388.0 92.0 native
17124.0 12484.0 356.0 96.0 silver
17528.0 12508.0 216.0 72.0 nor
17808.0 12484.0 264.0 96.0 rich
18144.0 12480.0 596.0 100.0 chlorides
18788.0 12508.0 308.0 72.0 were

16680.0 12608.0 368.0 96.0 found
17108.0 12612.0 116.0 92.0 in
17288.0 12612.0 584.0 92.0 sufficient
17908.0 12612.0 784.0 120.0 quantitiesto
18732.0 12636.0 368.0 96.0 repay

16680.0 12740.0 192.0 92.0 the
16924.0 12740.0 444.0 88.0 search.
17512.0 12740.0 168.0 92.0 As
17732.0 12740.0 320.0 88.0 these
18124.0 12760.0 272.0 68.0 men
18492.0 12760.0 304.0 68.0 were
18892.0 12760.0 160.0 68.0 un-

16680.0 12860.0 556.0 128.0 prepared
17292.0 12880.0 120.0 80.0 to
17464.0 12860.0 328.0 100.0 woik
17844.0 12892.0 256.0 68.0 ores
18152.0 12860.0 132.0 100.0 of
18308.0 12888.0 224.0 100.0 any
18572.0 12872.0 276.0 104.0 sort,
18888.0 12864.0 208.0 96.0 the

16672.0 13000.0 384.0 116.0 object
17104.0 12996.0 136.0 100.0 of
17300.0 12996.0 196.0 100.0 the
17556.0 12992.0 676.0 128.0 expedition
18316.0 12996.0 360.0 124.0 being
18744.0 12992.0 348.0 100.0 alone

16672.0 13132.0 180.0 92.0 for
16900.0 13132.0 396.0 92.0 native
17344.0 13160.0 132.0 64.0 or
17528.0 13128.0 400.0 124.0 placer
17968.0 13128.0 392.0 116.0 silver,
18412.0 13132.0 296.0 92.0 after
18756.0 13152.0 68.0 72.0 a
18864.0 13128.0 228.0 96.0 feir

16676.0 13260.0 472.0 92.0 mouths
17216.0 13260.0 200.0 92.0 the
17520.0 13256.0 336.0 120.0 place
17948.0 13284.0 244.0 68.0 was
18292.0 13256.0 348.0 120.0 again
18732.0 13256.0 300.0 96.0 aban-

16668.0 13384.0 424.0 116.0 doned,
17144.0 13412.0 220.0 68.0 one
17416.0 13412.0 272.0 68.0 man
17744.0 13384.0 284.0 120.0 only
18080.0 13384.0 356.0 120.0 being
18488.0 13384.0 248.0 112.0 left,
18804.0 13384.0 288.0 92.0 who

16672.0 13516.0 284.0 120.0 kept
17052.0 13540.0 164.0 96.0 up
17316.0 13516.0 192.0 92.0 the
17608.0 13516.0 404.0 92.0 search
18120.0 13536.0 68.0 68.0 a
18284.0 13512.0 216.0 96.0 few
18600.0 13516.0 484.0 92.0 months

16668.0 13644.0 440.0 124.0 longer,
17164.0 13644.0 640.0 92.0 meantime
17876.0 13640.0 496.0 124.0 sinking
18444.0 13664.0 68.0 72.0 a
18560.0 13640.0 316.0 96.0 shaft
18916.0 13668.0 156.0 64.0 on

16668.0 13800.0 64.0 68.0 a
16784.0 13776.0 264.0 92.0 vein
17104.0 13768.0 396.0 100.0 which
17560.0 13772.0 148.0 96.0 he
17756.0 13764.0 384.0 104.0 called
18200.0 13768.0 560.0 128.0 "Mejai,"
18808.0 13784.0 124.0 84.0 to
19004.0 13800.0 80.0 64.0 a

16660.0 13900.0 356.0 108.0 depth
17076.0 13900.0 132.0 96.0 of
17264.0 13904.0 136.0 92.0 45
17456.0 13928.0 332.0 68.0 vcras
17864.0 13904.0 252.0 104.0 (125
18180.0 13896.0 312.0 112.0 feet),
18588.0 13888.0 228.0 108.0 and
18916.0 13924.0 120.0 72.0 re

16660.0 14032.0 452.0 124.0 ducing
17168.0 14032.0 196.0 96.0 the
17416.0 14056.0 256.0 72.0 ores
17744.0 14028.0 560.0 96.0 obtained
18404.0 14028.0 124.0 96.0 in
18632.0 14056.0 72.0 68.0 a
18784.0 14024.0 292.0 100.0 rude

16660.0 14180.0 444.0 76.0 arastra
17216.0 14176.0 116.0 80.0 to
17384.0 14160.0 396.0 96.0 obtain
17836.0 14180.0 432.0 104.0 money
18340.0 14168.0 124.0 88.0 to
18508.0 14184.0 340.0 80.0 carry
18916.0 14184.0 160.0 72.0 oa

16660.0 14292.0 196.0 96.0 the
16912.0 14292.0 448.0 108.0 search,
17416.0 14288.0 208.0 100.0 but
17696.0 14284.0 464.0 124.0 finding
18232.0 14316.0 156.0 68.0 no
18436.0 14312.0 448.0 72.0 masses
18952.0 14288.0 140.0 96.0 of

16668.0 14452.0 288.0 96.0 pure
17012.0 14424.0 360.0 96.0 silver
17424.0 14452.0 124.0 68.0 as
17600.0 14420.0 592.0 128.0 expected,
18272.0 14420.0 224.0 96.0 aud
18576.0 14448.0 456.0 72.0 encoun-

16656.0 14556.0 380.0 124.0 tering
17092.0 14584.0 320.0 64.0 more
17464.0 14568.0 356.0 84.0 water
17920.0 14556.0 276.0 92.0 than
18300.0 14552.0 196.0 96.0 his
18540.0 14548.0 292.0 100.0 rude
18884.0 14580.0 152.0 96.0 ap-

16656.0 14684.0 528.0 104.0 pliances
17232.0 14680.0 352.0 96.0 couki
17640.0 14680.0 476.0 120.0 handle,
18208.0 14680.0 192.0 120.0 he,
18472.0 14692.0 232.0 104.0 too,
18776.0 14708.0 300.0 96.0 gave

16656.0 14836.0 192.0 92.0 up.

16784.0 14932.0 312.0 100.0 That
17148.0 14932.0 196.0 96.0 the
17396.0 14932.0 364.0 96.0 sliver
17816.0 14960.0 112.0 64.0 in
17992.0 14940.0 148.0 88.0 its
18180.0 14952.0 292.0 104.0 pure
18504.0 14940.0 296.0 88.0 state
18840.0 14956.0 236.0 68.0 ana

16652.0 15060.0 116.0 100.0 in
16896.0 15080.0 632.0 80.0 enormons
17628.0 15088.0 472.0 80.0 masses,
18204.0 15088.0 244.0 68.0 was
18544.0 15060.0 532.0 128.0 actually

16648.0 15192.0 356.0 96.0 fount!
17068.0 15196.0 100.0 96.0 is
17220.0 15228.0 68.0 60.0 a
17344.0 15208.0 416.0 84.0 matter
17808.0 15208.0 192.0 84.0 too
18076.0 15188.0 308.0 132.0 fully
18456.0 15188.0 560.0 100.0 establish-

16644.0 15324.0 140.0 92.0 ed
16844.0 15328.0 152.0 120.0 by
17052.0 15328.0 452.0 116.0 history
17556.0 15320.0 224.0 96.0 and
17888.0 15324.0 440.0 96.0 official
18424.0 15316.0 472.0 104.0 records
18948.0 15336.0 136.0 80.0 to"

16640.0 15452.0 376.0 92.0 admit
17064.0 15452.0 132.0 92.0 of
17260.0 15480.0 68.0 64.0 a
17404.0 15452.0 400.0 92.0 doubt.

16912.0 15632.0 812.0 76.0 DESCRIPTION
17776.0 15628.0 160.0 80.0 OF
18032.0 15632.0 264.0 72.0 THE
18384.0 15624.0 400.0 80.0 MrXES

16772.0 15772.0 248.0 100.0 The
17076.0 15804.0 84.0 68.0 it
17204.0 15776.0 148.0 96.0 ck
17408.0 15772.0 136.0 100.0 of
17584.0 15772.0 188.0 100.0 the
17824.0 15784.0 500.0 116.0 country
18396.0 15772.0 108.0 100.0 is
18596.0 15768.0 460.0 136.0 granite

16636.0 15940.0 228.0 100.0 and
16988.0 15948.0 636.0 120.0 porphyry.
17764.0 15928.0 300.0 108.0 This
18180.0 15940.0 108.0 96.0 is
18452.0 15936.0 612.0 132.0 generally

16628.0 16100.0 524.0 100.0 overlaid
17208.0 16104.0 284.0 96.0 with
17540.0 16132.0 68.0 64.0 a
17728.0 16100.0 740.0 124.0 porphyritic
18584.0 16100.0 436.0 128.0 conglo-

16628.0 16280.0 432.0 80.0 merate
17112.0 16276.0 116.0 84.0 to
17276.0 16264.0 500.0 124.0 varying
17824.0 16260.0 424.0 124.0 depths
18296.0 16260.0 128.0 100.0 in
18472.0 16264.0 196.0 96.0 the
18740.0 16288.0 264.0 76.0 sum-

16624.0 16428.0 276.0 92.0 mits
16952.0 16424.0 132.0 92.0 of
17120.0 16428.0 192.0 92.0 the
17392.0 16420.0 424.0 124.0 ridges.
17960.0 16420.0 248.0 100.0 The
18308.0 16420.0 476.0 124.0 general
18876.0 16420.0 128.0 100.0 di-

16628.0 16588.0 428.0 96.0 rection
17120.0 16584.0 136.0 100.0 of
17292.0 16584.0 156.0 100.0 all
17504.0 16588.0 200.0 96.0 the
17752.0 16580.0 328.0 104.0 veins
18132.0 16608.0 132.0 72.0 or
18332.0 16580.0 400.0 128.0 ledges
18820.0 16580.0 248.0 104.0 disv

16620.0 16720.0 392.0 100.0 closed
17072.0 16716.0 96.0 100.0 is
17224.0 16716.0 404.0 128.0 nearly
17720.0 16716.0 596.0 124.0 magnetic
18436.0 16716.0 612.0 100.0 northeast

16620.0 16852.0 224.0 92.0 and
16900.0 16852.0 676.0 92.0 southwest.
17716.0 16844.0 252.0 96.0 The
18016.0 16872.0 200.0 68.0 ore
18264.0 16844.0 140.0 96.0 of
18508.0 16848.0 204.0 92.0 the
18828.0 16844.0 180.0 100.0 Ra-

16616.0 16992.0 396.0 76.0 ousset
17052.0 17004.0 376.0 64.0 seems
17476.0 16992.0 120.0 76.0 to
17768.0 17004.0 92.0 64.0 hi
17988.0 16972.0 160.0 96.0 all
18272.0 16976.0 780.0 120.0 porphyritic,-

16612.0 17100.0 692.0 124.0 containing
17356.0 17096.0 716.0 128.0 principally
18124.0 17096.0 592.0 100.0 bromides
18792.0 17096.0 236.0 100.0 and

16612.0 17228.0 592.0 104.0 chlorides
17252.0 17232.0 132.0 96.0 of
17404.0 17228.0 360.0 100.0 silver
17880.0 17228.0 504.0 100.0 without
18496.0 17224.0 280.0 132.0 gold
18896.0 17260.0 136.0 68.0 or

16620.0 17368.0 264.0 96.0 base
16960.0 17364.0 444.0 96.0 metals.
17552.0 17360.0 244.0 100.0 The
17872.0 17392.0 196.0 68.0 ore
18188.0 17360.0 104.0 100.0 is
18384.0 17360.0 368.0 100.0 found
18904.0 17360.0 124.0 100.0 in

16612.0 17500.0 192.0 88.0 the
16856.0 17496.0 872.0 116.0 conglomerate
17780.0 17492.0 228.0 92.0 and
18092.0 17520.0 496.0 92.0 appears
18656.0 17508.0 124.0 80.0 to
18904.0 17496.0 156.0 92.0 be'

16620.0 17620.0 116.0 96.0 in
16796.0 17652.0 68.0 60.0 a
16916.0 17624.0 356.0 92.0 series
17392.0 17624.0 136.0 84.0 of
17636.0 17620.0 504.0 108.0 parallel
18260.0 17620.0 368.0 108.0 veins,
18748.0 17624.0 300.0 92.0 each

16608.0 17756.0 296.0 88.0 lrom
16964.0 17764.0 228.0 80.0 two
17240.0 17756.0 120.0 84.0 to
17416.0 17744.0 220.0 96.0 five
17692.0 17748.0 224.0 92.0 feet
17968.0 17744.0 120.0 96.0 in
18168.0 17744.0 412.0 116.0 width,
18704.0 17744.0 340.0 128.0 lying

16604.0 17880.0 312.0 96.0 close
16968.0 17880.0 524.0 124.0 together
17536.0 17872.0 220.0 100.0 and
17804.0 17872.0 560.0 128.0 covering
18408.0 17880.0 196.0 96.0 the
18652.0 17880.0 384.0 96.0 whole

16600.0 18012.0 456.0 92.0 surface
17108.0 18020.0 116.0 84.0 ot
17352.0 18012.0 196.0 92.0 the
17672.0 18008.0 260.0 96.0 hill.
18080.0 18004.0 252.0 100.0 The
18444.0 18008.0 584.0 124.0 openings-

16604.0 18168.0 188.0 64.0 are
16852.0 18140.0 428.0 120.0 mostly
17332.0 18164.0 300.0 88.0 open
17684.0 18152.0 320.0 92.0 cuts;
18056.0 18164.0 340.0 64.0 seven
18476.0 18140.0 144.0 92.0 of
18700.0 18140.0 320.0 92.0 them

16596.0 18292.0 344.0 68.0 cover
17052.0 18292.0 68.0 64.0 a
17176.0 18264.0 396.0 100.0 leneth
17664.0 18288.0 148.0 68.0 on
17872.0 18264.0 196.0 92.0 the
18144.0 18264.0 328.0 92.0 veins
18588.0 18264.0 136.0 92.0 of
18828.0 18268.0 228.0 88.0 25r

16600.0 18400.0 224.0 92.0 feet
16876.0 18388.0 228.0 100.0 and
17188.0 18420.0 68.0 68.0 a
17332.0 18388.0 372.0 100.0 width
17828.0 18392.0 132.0 96.0 of
18068.0 18388.0 140.0 100.0 75
18328.0 18392.0 268.0 104.0 feet,
18716.0 18388.0 336.0 100.0 their'

16596.0 18544.0 504.0 116.0 greatest
17172.0 18524.0 356.0 128.0 depth
17616.0 18524.0 364.0 124.0 being
18092.0 18520.0 288.0 132.0 only
18500.0 18524.0 144.0 100.0 20
18764.0 18524.0 260.0 100.0 fee!.-

16596.0 18660.0 212.0 100.0 "El
16876.0 18660.0 360.0 100.0 Hilo"
17296.0 18664.0 100.0 92.0 is
17448.0 18656.0 268.0 100.0 half
17744.0 18688.0 60.0 64.0 a
17860.0 18656.0 284.0 100.0 mile
18196.0 18660.0 344.0 96.0 south
18596.0 18656.0 224.0 104.0 and
18904.0 18676.0 124.0 84.0 at

16596.0 18824.0 144.0 64.0 an
16796.0 18792.0 576.0 96.0 elevation
17432.0 18792.0 136.0 96.0 of
17604.0 18788.0 316.0 104.0 4,100
17996.0 18788.0 224.0 96.0 feet
18272.0 18792.0 368.0 96.0 above
18736.0 18788.0 276.0 128.0 tide',-

16592.0 18920.0 248.0 104.0 The
16892.0 18952.0 196.0 68.0 ore
17144.0 18920.0 100.0 100.0 is
17296.0 18948.0 272.0 100.0 very
17620.0 18920.0 252.0 96.0 rich
17936.0 18916.0 120.0 100.0 in
18112.0 18916.0 624.0 116.0 chlorides,
18776.0 18916.0 224.0 100.0 and

16592.0 19060.0 296.0 88.0 from
16948.0 19080.0 68.0 68.0 a
17064.0 19068.0 196.0 80.0 cut
17312.0 19056.0 136.0 92.0 30
17504.0 19056.0 224.0 92.0 feet
17780.0 19052.0 312.0 120.0 long,
18136.0 19064.0 228.0 84.0 two
18400.0 19052.0 224.0 96.0 feet
18668.0 19052.0 344.0 116.0 wide,-

16592.0 19180.0 224.0 96.0 and
16876.0 19180.0 264.0 92.0 four
17188.0 19212.0 132.0 60.0 or
17372.0 19180.0 220.0 92.0 five
17652.0 19180.0 228.0 92.0 feet
17916.0 19176.0 324.0 120.0 deep,
18280.0 19176.0 284.0 96.0 Gen.
18612.0 19180.0 400.0 112.0 Serna,

16588.0 19308.0 120.0 96.0 in
16768.0 19308.0 300.0 116.0 1872,
17128.0 19308.0 100.0 96.0 is
17276.0 19304.0 428.0 116.0 said.to
17752.0 19304.0 296.0 96.0 have
18140.0 19304.0 344.0 96.0 taken
18548.0 19304.0 468.0 116.0 $12,600

16584.0 19440.0 296.0 92.0 from
16944.0 19440.0 192.0 96.0 the
17192.0 19432.0 524.0 100.0 chloride
17772.0 19460.0 252.0 68.0 ores
18080.0 19432.0 224.0 96.0 and
18352.0 19436.0 140.0 96.0 50
18548.0 19432.0 464.0 128.0 pounds

16580.0 19572.0 136.0 92.0 of
16748.0 19568.0 364.0 96.0 silver
17188.0 19572.0 300.0 88.0 from
17580.0 19596.0 68.0 64.0 a
17768.0 19560.0 380.0 124.0 single
18272.0 19564.0 168.0 100.0 lot
18552.0 19564.0 140.0 96.0 of
18792.0 19568.0 216.0 92.0 400

16584.0 19696.0 456.0 120.0 pounds
17092.0 19692.0 136.0 96.0 of
17292.0 19696.0 316.0 96.0 rock.
17752.0 19692.0 252.0 96.0 The
18080.0 19692.0 320.0 96.0 mine
18504.0 19692.0 120.0 100.0 is
18732.0 19724.0 264.0 64.0 now

16584.0 19824.0 348.0 112.0 being
16988.0 19820.0 468.0 96.0 worked
17564.0 19824.0 148.0 112.0 by
17820.0 19820.0 652.0 96.0 Mexicans.
18612.0 19816.0 388.0 104.0 There

16576.0 19984.0 300.0 64.0 area
16932.0 19968.0 324.0 108.0 great
17312.0 19952.0 496.0 96.0 number
17904.0 19952.0 136.0 92.0 of
18124.0 19948.0 388.0 96.0 mines
18580.0 19948.0 120.0 100.0 in
18760.0 19952.0 240.0 96.0 this

16572.0 20084.0 488.0 108.0 district,
17116.0 20084.0 384.0 92.0 whose
17576.0 20108.0 488.0 96.0 average
18164.0 20108.0 408.0 100.0 assays
18640.0 20084.0 352.0 96.0 reach

16576.0 20212.0 292.0 92.0 from
16928.0 20208.0 216.0 112.0 $50
17192.0 20224.0 112.0 76.0 to
17364.0 20212.0 288.0 108.0 $100
17712.0 20236.0 204.0 92.0 per
17964.0 20220.0 232.0 84.0 ton.

16704.0 20336.0 248.0 96.0 The
17008.0 20332.0 460.0 100.0 district
17568.0 20336.0 216.0 96.0 lies
17868.0 20360.0 320.0 96.0 upon
18280.0 20360.0 68.0 68.0 a
18444.0 20332.0 352.0 100.0 series
18868.0 20332.0 140.0 96.0 of

16568.0 20464.0 292.0 120.0 high
16984.0 20464.0 424.0 124.0 ridges,
17560.0 20460.0 604.0 128.0 separated
18344.0 20464.0 148.0 124.0 by
18640.0 20464.0 352.0 100.0 small

16564.0 20576.0 492.0 144.0 guiches
17112.0 20596.0 388.0 96.0 which
17600.0 20620.0 572.0 96.0 converge
18276.0 20592.0 436.0 100.0 toward
18796.0 20596.0 196.0 92.0 the

16560.0 20740.0 260.0 104.0 spot
16872.0 20728.0 572.0 116.0 oecupieu
17552.0 20728.0 148.0 120.0 by
17784.0 20724.0 200.0 96.0 the
18084.0 20724.0 476.0 96.0 hamlet,
18656.0 20724.0 344.0 124.0 lying

16564.0 20856.0 508.0 96.0 between
17132.0 20856.0 460.0 96.0 Serna's
17668.0 20848.0 228.0 100.0 aud
18004.0 20848.0 624.0 128.0 Borquer's
18684.0 20852.0 268.0 96.0 haci-

16556.0 20984.0 388.0 104.0 endas.
17092.0 20984.0 248.0 104.0 The
17436.0 20984.0 316.0 100.0 sides
17848.0 20980.0 132.0 104.0 of
18060.0 20984.0 200.0 100.0 the
18356.0 20980.0 392.0 132.0 ridges
18800.0 21012.0 196.0 72.0 are

16556.0 21116.0 488.0 100.0 covered
17100.0 21120.0 280.0 96.0 with
17448.0 21148.0 64.0 64.0 a
17564.0 21116.0 256.0 100.0 rich
17924.0 21120.0 456.0 120.0 growth
18432.0 21116.0 136.0 96.0 of
18656.0 21144.0 336.0 80.0 gram

16564.0 21276.0 192.0 60.0 ma
16808.0 21276.0 360.0 80.0 grass.
17316.0 21244.0 328.0 96.0 Jvear
17728.0 21248.0 152.0 104.0 by
17932.0 21272.0 192.0 64.0 are
18188.0 21244.0 564.0 92.0 immsnse
18808.0 21244.0 184.0 92.0 for

16552.0 21388.0 228.0 72.0 ests
16884.0 21368.0 136.0 92.0 of
17128.0 21368.0 280.0 120.0 pine
17528.0 21368.0 476.0 108.0 walnut,
18128.0 21380.0 216.0 80.0 etc.
18484.0 21368.0 200.0 92.0 All
18792.0 21368.0 200.0 88.0 the

16552.0 21496.0 492.0 120.0 gulches
17140.0 21492.0 468.0 100.0 contain
17712.0 21492.0 524.0 116.0 running
18324.0 21496.0 488.0 88.0 streams
18860.0 21488.0 140.0 96.0 of

16552.0 21644.0 384.0 76.0 water.
17080.0 21624.0 312.0 100.0 Such
17452.0 21624.0 100.0 96.0 is
17604.0 21624.0 192.0 96.0 the
17848.0 21616.0 700.0 128.0 description
18608.0 21616.0 136.0 100.0 of
18776.0 21620.0 204.0 100.0 tbo

16548.0 21756.0 464.0 96.0 famous
17064.0 21756.0 584.0 96.0 Plaueuas
17732.0 21748.0 144.0 100.0 de
17972.0 21748.0 376.0 108.0 Plata,
18400.0 21776.0 68.0 68.0 a
18528.0 21744.0 464.0 104.0 district

16548.0 21888.0 464.0 92.0 famous
17068.0 21884.0 116.0 96.0 in
17244.0 21888.0 196.0 92.0 the
17492.0 21908.0 44.0 96.0 l
17580.0 21892.0 176.0 84.0 ast
17804.0 21876.0 228.0 100.0 and
18084.0 21876.0 524.0 100.0 destined
18668.0 21892.0 116.0 80.0 to
18840.0 21880.0 140.0 96.0 be

16548.0 22044.0 316.0 68.0 more
16908.0 22016.0 460.0 92.0 famous
17420.0 22012.0 116.0 96.0 in
17596.0 22012.0 192.0 92.0 the
17844.0 22012.0 416.0 108.0 future,
18312.0 22008.0 448.0 120.0 though
18800.0 22032.0 172.0 68.0 we

16544.0 22160.0 296.0 84.0 trust
16888.0 22148.0 252.0 96.0 that
17196.0 22144.0 92.0 96.0 it
17384.0 22140.0 252.0 100.0 will
17744.0 22152.0 200.0 84.0 not
18040.0 22148.0 248.0 84.0 cost
18360.0 22140.0 200.0 92.0 the
18616.0 22132.0 352.0 108.0 blood

16544.0 22276.0 224.0 96.0 and
16828.0 22288.0 508.0 84.0 treasure
17388.0 22288.0 116.0 80.0 to
17556.0 22300.0 416.0 92.0 garner
18012.0 22268.0 144.0 96.0 its
18204.0 22268.0 460.0 124.0 wealth,
18712.0 22272.0 264.0 96.0 that

16544.0 22408.0 212.0 92.0 has
16812.0 22408.0 280.0 92.0 been
17148.0 22396.0 596.0 116.0 expended
17832.0 22400.0 120.0 92.0 in
18008.0 22400.0 196.0 92.0 the
18280.0 22412.0 288.0 100.0 past.
18712.0 22396.0 260.0 100.0 The

16540.0 22532.0 440.0 96.0 Sonora
17036.0 22528.0 484.0 128.0 railway
17576.0 22528.0 244.0 92.0 will
17864.0 22524.0 440.0 132.0 greatly
18336.0 22520.0 192.0 100.0 aid
18588.0 22524.0 120.0 96.0 in
18768.0 22528.0 200.0 92.0 the

16536.0 22660.0 816.0 124.0 development
17448.0 22652.0 144.0 100.0 of
17696.0 22664.0 196.0 88.0 the
18016.0 22664.0 64.0 40.0 "
18140.0 22648.0 588.0 108.0 Planchas
18820.0 22652.0 152.0 100.0 do

16536.0 22792.0 448.0 108.0 Plata,"
17040.0 22816.0 128.0 68.0 as
17224.0 22788.0 84.0 100.0 it
17360.0 22784.0 236.0 100.0 will
17656.0 22788.0 132.0 96.0 of
17828.0 22780.0 572.0 104.0 Southern
18444.0 22784.0 520.0 100.0 Arizona

16536.0 22924.0 176.0 96.0 for
16760.0 22920.0 388.0 100.0 which
17212.0 22920.0 88.0 96.0 it
17352.0 22920.0 248.0 96.0 will
17700.0 22912.0 368.0 104.0 afford
18168.0 22920.0 192.0 96.0 the
18464.0 22916.0 508.0 100.0 shortest

16536.0 23052.0 220.0 100.0 and
16816.0 23072.0 304.0 80.0 most
17216.0 23048.0 372.0 104.0 direct
17660.0 23060.0 328.0 92.0 route
18040.0 23060.0 120.0 88.0 to
18212.0 23048.0 192.0 100.0 the
18456.0 23076.0 236.0 88.0 sea,
18744.0 23048.0 212.0 104.0 but

16532.0 23188.0 524.0 96.0 whether
17116.0 23188.0 252.0 96.0 that
17424.0 23184.0 136.0 100.0 be
17612.0 23180.0 308.0 100.0 built
18016.0 23208.0 132.0 68.0 or
18200.0 23196.0 232.0 100.0 not,
18488.0 23180.0 192.0 100.0 the
18732.0 23180.0 192.0 100.0 dis-

16532.0 23316.0 260.0 100.0 trict
16872.0 23316.0 248.0 96.0 will
17180.0 23316.0 152.0 124.0 by
17388.0 23312.0 340.0 100.0 made
17780.0 23328.0 120.0 84.0 to
17992.0 23308.0 320.0 128.0 yield
18416.0 23308.0 152.0 100.0 its
18620.0 23328.0 300.0 80.0 treas-

16532.0 23472.0 292.0 84.0 ures,
16884.0 23444.0 224.0 92.0 and
17168.0 23448.0 196.0 88.0 the
17420.0 23456.0 420.0 80.0 secrets
17936.0 23440.0 136.0 96.0 of
18156.0 23440.0 196.0 96.0 the
18428.0 23440.0 332.0 96.0 earth
18816.0 23444.0 144.0 92.0 be

16524.0 23568.0 340.0 100.0 made
16920.0 23588.0 116.0 76.0 to
17092.0 23568.0 452.0 100.0 unfold.

16796.0 23728.0 72.0 72.0 A
16924.0 23724.0 384.0 80.0 RIVAL
17356.0 23720.0 240.0 80.0 FOR
17648.0 23720.0 228.0 80.0 SAN
17928.0 23716.0 700.0 84.0 FRANCISCO.

16664.0 23860.0 140.0 104.0 In
16860.0 23864.0 196.0 100.0 the
17152.0 23860.0 616.0 128.0 foregoing
17860.0 23888.0 176.0 68.0 we
18108.0 23860.0 300.0 100.0 have
18536.0 23860.0 408.0 100.0 shown

16512.0 24028.0 672.0 124.0 something
17236.0 24024.0 132.0 100.0 of
17448.0 24024.0 196.0 96.0 the
17700.0 24020.0 516.0 128.0 possible
18304.0 24048.0 468.0 72.0 sources
18820.0 24020.0 144.0 104.0 of

16516.0 24212.0 64.0 68.0 a
16632.0 24184.0 300.0 100.0 local
17032.0 24184.0 372.0 100.0 traffie
17496.0 24180.0 184.0 100.0 for
17780.0 24184.0 196.0 96.0 the
18072.0 24180.0 868.0 124.0 contemplated

16512.0 24348.0 524.0 116.0 railway,
17092.0 24344.0 208.0 96.0 but
17392.0 24344.0 300.0 96.0 have
17788.0 24340.0 516.0 128.0 scarcely
18356.0 24340.0 408.0 100.0 hinted
18820.0 24356.0 128.0 84.0 at

16508.0 24508.0 200.0 96.0 the
16828.0 24504.0 508.0 124.0 through
17388.0 24500.0 408.0 116.0 traffic,
17852.0 24504.0 88.0 96.0 it
17976.0 24528.0 264.0 100.0 may
18276.0 24504.0 292.0 96.0 have
18596.0 24504.0 352.0 96.0 when

16492.0 24636.0 416.0 124.0 joined
16992.0 24636.0 284.0 96.0 with
17400.0 24660.0 144.0 68.0 an
17648.0 24628.0 480.0 104.0 Eastern
16508.0 24632.0 2452.0 232.0 traus-conti-nental

17008.0 24764.0 532.0 124.0 railway,
17640.0 24760.0 696.0 128.0 shortening
18432.0 24764.0 200.0 92.0 the
18724.0 24756.0 192.0 104.0 dis-

16512.0 24912.0 336.0 76.0 tance
16900.0 24916.0 392.0 72.0 across
17336.0 24864.0 200.0 120.0 tile
17596.0 24888.0 604.0 96.0 coutinerjt
18292.0 24912.0 316.0 72.0 more
18664.0 24888.0 284.0 96.0 than

16504.0 25044.0 72.0 72.0 a
16624.0 25016.0 584.0 96.0 thousand
17260.0 25016.0 376.0 108.0 miles,
17736.0 25012.0 236.0 96.0 and
18024.0 25012.0 544.0 112.0 building
18668.0 25040.0 164.0 92.0 up
18880.0 25040.0 72.0 68.0 s,

16504.0 25160.0 460.0 112.0 seaport
17036.0 25168.0 148.0 72.0 on
17308.0 25140.0 200.0 100.0 the
17612.0 25128.0 324.0 120.0 Gulf,
18048.0 25144.0 256.0 96.0 that
18380.0 25116.0 244.0 124.0 will
18728.0 25136.0 208.0 104.0 bid

16500.0 25272.0 524.0 124.0 Mrougly
17072.0 25272.0 284.0 100.0 with
17464.0 25264.0 224.0 100.0 San
17800.0 25264.0 628.0 108.0 Frascisco
18520.0 25268.0 180.0 104.0 for
18748.0 25268.0 128.0 104.0 tU

16504.0 25396.0 320.0 108.0 trade
16872.0 25404.0 360.0 96.0 oi'fje
17308.0 25392.0 436.0 108.0 Istlite.
